1914 3314
72 797 147 835 Pag.

98 839 146 867 ed.

0 881 32 910 Η.
44 881 148 918 steph.

70 927 145 961 291

839 463 919 505 ff.

590 571 1170 621 ΙΣΟΚΡΑΤΟΥΣ

387 695 619 743 ΚΑΤΑ
675 696 848 744 ΤΩΝ

903 693 1377 743 ΣΟΦΙΣΤΩΝ.

1620 793 1693 831 Pag.

1617 836 1667 865 ed.

1617 879 1688 908 Cor.

238 911 296 961 α’.
326 913 589 969 ΕΙ.τῦ-οἱντες
612 909 770 971 ἤθελον
798 912 836 961 οἷ
861 908 1071 962 παιδεύειν
1099 909 1420 982 ἐπιχειροῦντες
1444 908 1601 969 dnn-35⁴7
1618 925 1694 958 291

164 987 322 1049 λέγειν,
345 983 422 1034 καὶ
446 984 506 1053 μὴ
532 983 706 1054 μείζους
730 985 958 1034 ποιεῖσθαι
987 982 1072 1040 τοὶς
1096 983 1365 1047 ὑποσχέσεις
1390 981 1441 1032 Ziv
1469 981 1600 1048 ἔμελ-

204 1104 484 1134 SUMMARIUM.
506 1102 577 1143 (α’.)
599 1103 631 1132 Si
648 1102 865 1133 omneslitera-

162 1157 229 1178 rum
259 1147 397 1186 magistri
427 1157 484 1176 non
515 1147 602 1185 plura
635 1146 865 1185 pollicerentur,

163 1201 251 1229 quam
278 1200 345 1228 quae
369 1195 517 1229 praestare
544 1194 679 1228 possent,
701 1194 731 1218 et
752 1188 811 1217 sibi
836 1193 866 1217 et

163 1233 261 1263 literis
277 1232 384 1262 melius
400 1232 568 1261 consultum
586 1236 678 1261 esset.
711 1229 788 1272 (B'.)
807 1232 866 1261 Fa-

164 1274 371 1316 ciantzinitium
382 1275 557 1310 Dialectici,
569 1275 632 1313 qui,
645 1275 714 1304 dum
727 1274 864 1304 veritatis

163 1319 386 1358 indagationem
407 1329 470 1357 prae
491 1329 522 1347 se
540 1318 649 1352 ferunt,
666 1318 695 1346 in
711 1328 747 1346 eo
764 1318 864 1347 statim

163 1363 360 1396 mentiuntur,
382 1362 461 1400 quod
481 1361 639 1399 discipulis
662 1360 724 1389 suis
745 1361 864 1389 tradere

165 1405 359 1444 pollicentur,
394 1405 466 1443 quid
496 1404 663 1433 faciendum
695 1403 744 1438 sit,
774 1414 866 1441 quan—

166 1458 253 1486 quam
274 1447 385 1486 cuique
407 1452 510 1476 notum
531 1452 588 1482 est,
610 1451 724 1475 tantum
747 1446 866 1480 abesse,

167 1496 200 1520 ut
226 1491 368 1520 mortales
393 1499 492 1519 rerum
518 1490 684 1519 futurarum
708 1488 864 1519 scientiam

167 1533 307 1569 habeant,
335 1538 367 1562 ut
397 1533 561 1568 Homerus,
591 1531 747 1570 sapientiae
777 1532 866 1561 lande

168 1576 365 1611 clarissimus,
381 1575 470 1605 etiam
496 1575 568 1604 deos
596 1575 745 1604 interdum
771 1575 865 1604 intro-

168 1618 291 1648 duxerit
319 1618 356 1647 de
386 1619 475 1648 rebus
509 1618 616 1647 futuris
652 1617 866 1647 deliberantes,

166 1660 235 1702 (γ’.)
264 1661 442 1692 Universam
461 1670 551 1698 porro
573 1660 714 1690 virtutem
737 1660 866 1689 felicita-

168 1709 300 1743 temque,
316 1715 376 1733 rem
393 1704 656 1743 pretiosissimam,
673 1708 800 1741 quatuor
816 1708 867 1733 aut

168 1747 298 1786 quinque
319 1747 409 1776 minis
428 1747 479 1776 isti
501 1747 629 1775 offerunt
652 1746 867 1784 sapientesque

168 1789 271 1819 haberi
291 1790 428 1828 cupiunt.
474 1788 559 1818 Auro
581 1794 764 1828 argentoque
789 1788 867 1817 indi-

168 1841 240 1870 gere
261 1843 294 1862 se
316 1838 423 1871 negant
444 1838 473 1861 et
495 1842 586 1871 parva
608 1836 707 1861 tamen
727 1832 867 1860 mercede

167 1875 329 1915 discipulis
369 1880 481 1905 tantum
519 1885 575 1904 non
612 1874 865 1903 immortalitatem

168 1920 357 1956 promittunt,
374 1918 483 1956 iisque,
499 1928 573 1956 quos
590 1917 736 1956 justitiam
757 1918 866 1946 docere

169 1961 452 1999 perhibent,minns
467 1970 553 1999 quam
570 1960 684 1998 ignotis
697 1959 866 1995 confidunt3

169 2004 251 2042 quod
263 2003 329 2032 aliis
343 2003 463 2041 quidem
477 2004 560 2038 licet,
570 2003 691 2032 virtutis
704 2013 737 2031 ac
752 2007 866 2041 tempe-

170 2047 274 2075 rantiae
302 2045 455 2084 magistris
485 2056 540 2075 non
572 2045 655 2074 licet.
699 2044 766 2086 (δ’.)
800 2046 866 2074 Has

170 2089 305 2128 aliasque
327 2089 357 2117 id
377 2098 470 2127 genus
490 2088 709 2118 inconstantias
735 2088 760 2118 si
780 2088 866 2117 indo-

169 2138 287 2161 ctorum
304 2131 435 2160 nonnulli
454 2131 653 2165 considerant,
670 2130 742 2170 quid
759 2131 865 2159 mirum

169 2179 229 2210 est,
247 2174 272 2204 si
287 2174 363 2203 istos
380 2178 584 2209 contemnunt,
606 2179 696 2212 atque
719 2173 865 2212 ejusmodi

168 2216 391 2256 disputationes
408 2217 620 2256 loquacitatem
637 2227 790 2255 nugasque
800 2216 867 2245 exi-

170 2260 310 2289 stimant?
379 2258 445 2300 (2¹.)
473 2260 643 2297 Sequantur
673 2259 776 2289 civilis
804 2259 867 2288 elo-

169 2303 300 2342 quentiae
322 2301 471 2342 magistri,
487 2313 544 2332 non
567 2303 666 2332 minus
690 2302 742 2332 isti
764 2312 866 2340 repre-

170 2345 321 2374 hendendi
335 2355 343 2382 3
368 2345 517 2384 siquidem
534 2345 610 2375 adeo
623 2344 739 2384 stupidi
755 2349 868 2374 suntet

170 2388 246 2417 alios
268 2388 389 2423 habent,
413 2394 457 2423 ut,
473 2399 564 2427 quum
587 2388 754 2418 deteriores
778 2388 868 2416 orati-

170 2440 244 2460 ones
261 2431 405 2466 scribant,
420 2441 507 2468 quam
527 2431 715 2460 indoctorum
733 2430 868 2459 nonnulli

171 2484 210 2503 ex
223 2477 358 2513 tempore
369 2473 668 2512 liabent,discipulos
676 2478 773 2503 tamen
786 2483 869 2509 suos,

170 2517 245 2546 licet
265 2516 418 2554 ingenium
440 2521 470 2545 et
492 2526 565 2546 usus
582 2516 693 2553 desint,
717 2517 754 2546 ad
776 2522 867 2545 artem

171 2558 343 2594 oratoriam,
370 2563 508 2597 tanquam
534 2559 570 2588 ad
597 2559 743 2588 elementa
766 2558 869 2588 litera-

171 2611 237 2631 rum
258 2602 478 2640 cognoscenda,
502 2601 714 2632 informaturos
732 2612 764 2630 se
781 2600 869 2641 polti-

171 2649 309 2679 ceantur,
331 2655 388 2674 non
414 2645 593 2683 cogitantes,
620 2648 761 2683 quantum
793 2644 870 2673 inter

172 2692 332 2726 utrumque
355 2687 485 2724 intersit,
501 2697 556 2716 nec
573 2687 658 2716 vanis
679 2690 758 2716 artes
780 2686 870 2725 polli-

173 2729 379 2765 citationibus,
409 2731 461 2759 sed
497 2730 598 2759 studio
623 2730 736 2769 augeri.
793 2727 868 2768 (ς’.)

173 2772 249 2810 Quae
265 2783 355 2812 quum
372 2773 504 2812 optanda
519 2772 612 2812 magis
623 2782 711 2811 quam
724 2776 788 2801 rata
801 2772 870 2807 sint,

173 2813 243 2844 illos
264 2817 382 2845 tandem
399 2817 606 2845 conticescere
624 2815 724 2849 velim,
746 2825 782 2844 ne
806 2814 870 2843 uni-

174 2857 267 2893 versi,
282 2858 352 2887 huic
367 2859 535 2888 studiorum
553 2857 655 2898 generi
675 2857 784 2893 dediti,
799 2858 869 2887 inde

173 2898 286 2938 aliquid
300 2900 379 2930 labis
396 2902 523 2932 trahant.
550 2900 618 2942 (ζ.)
643 2900 754 2930 Mirum
771 2904 869 2930 autem

174 2947 232 2978 est,
252 2942 296 2972 eis
320 2942 490 2984 discipulos
518 2943 677 2979 committi,
701 2943 751 2982 qui
776 2948 868 2973 artem

173 2984 374 3015 mechanicam
400 2997 467 3018 cum
494 2986 606 3027 ingenii
633 2996 725 3025 opere
748 2995 868 3025 compa-

899 1106 981 1132 rant:
1006 1113 1070 1132 nam
1087 1103 1195 1138 literae,
1218 1106 1251 1131 ut
1266 1101 1308 1131 ita
1327 1100 1437 1136 dicam,
1460 1100 1599 1130 immuta·

901 1146 977 1175 biles
1003 1151 1083 1180 sunt,
1099 1145 1196 1175 oratio
1212 1155 1270 1174 non
1288 1145 1378 1182 item3
1401 1144 1534 1182 artisque
1551 1143 1598 1172 di-

900 1189 987 1217 cendi
1002 1188 1028 1217 is
1041 1188 1167 1218 habetur
1179 1187 1393 1226 peritissimus,
1407 1186 1468 1225 qui,
1484 1196 1537 1225 pro
1553 1197 1599 1215 re-

899 1242 964 1260 rum
980 1230 1141 1269 dignitate,
1159 1241 1283 1270 prorsus
1301 1240 1379 1259 nova
1394 1229 1540 1259 invenerit
1554 1229 1601 1258 di-

901 1274 1051 1313 xeritque,
1061 1279 1102 1309 et,
1113 1275 1191 1313 quod
1200 1273 1363 1302 maximum
1372 1278 1417 1302 est
1425 1273 1599 1306 discrimen,

901 1317 1063 1346 orationem
1079 1327 1161 1346 suam
1176 1316 1361 1356 temporibus
1379 1320 1407 1344 et
1424 1315 1535 1344 decoro
1551 1325 1600 1343 ac-

901 1360 1092 1389 commodare
1105 1360 1213 1398 possit.
1236 1358 1303 1400 (n'.)
1327 1360 1403 1396 Quae
1419 1359 1500 1393 inde,
1514 1364 1600 1396 puto,

901 1402 1029 1432 clariora
1043 1403 1131 1432 etiam
1149 1402 1232 1437 fiunt,
1243 1403 1323 1440 quod
1340 1401 1424 1430 multi
1437 1401 1527 1430 nullis
1539 1400 1601 1429 elo-

901 1446 1031 1484 quentiae
1053 1446 1215 1484 praeceptis
1240 1444 1393 1478 instructi,
1416 1449 1476 1473 tarn
1501 1444 1529 1472 in
1555 1443 1601 1472 di-

901 1489 998 1517 cendo
1014 1499 1102 1528 quam
1115 1488 1143 1517 in
1155 1487 1310 1526 republica
1326 1488 1456 1526 gerenda
1473 1486 1601 1516 solertes

901 1532 1096 1560 exstiterunt.
1157 1530 1344 1569 Eloquentiae
1364 1535 1601 1567 caeterarumque

900 1575 1073 1603 facultatum
1085 1573 1131 1602 vis
1148 1573 1211 1602 sola
1227 1575 1265 1602 ab
1280 1573 1398 1611 ingenio
1415 1578 1445 1602 et
1458 1582 1512 1601 usu
1529 1582 1602 1610 pen-

901 1617 964 1651 det,
979 1627 1066 1655 qnam
1079 1615 1232 1645 institutio
1246 1616 1468 1654 quodammodo
1479 1615 1600 1654 quidem

900 1670 1051 1698 reparare,
1067 1669 1215 1698 nunquam
1228 1663 1325 1688 tamen
1336 1658 1477 1697 effingere
1488 1662 1602 1697 potest.

902 1702 968 1741 (6'.)
990 1703 1090 1741 Atque
1104 1702 1190 1731 facile
1201 1701 1323 1739 quidem
1336 1702 1479 1734 adducor,
1492 1706 1603 1729 utere-

901 1746 981 1780 dam,
1007 1745 1130 1783 regulas
1156 1744 1348 1782 eloquentiae,
1374 1744 1399 1772 si
1425 1743 1492 1781 quis
1524 1744 1602 1772 bono

902 1788 1046 1827 magistro
1069 1798 1140 1817 usus
1163 1787 1265 1821 suerit,
1285 1787 1402 1816 addisci
1419 1797 1525 1825 posse3
1549 1786 1604 1815 sed

902 1841 975 1860 usus
992 1831 1152 1859 earundem
1178 1830 1329 1868 ingentem
1347 1840 1458 1863 curam,
1474 1829 1603 1858 animum

902 1883 1083 1912 generosum
1105 1878 1195 1911 atque
1212 1882 1351 1911 sagacem
1376 1872 1511 1911 requirit.
1556 1871 1604 1901 Sit

902 1916 996 1954 igitur
1024 1916 1113 1954 hujus
1138 1915 1210 1945 artis
1235 1915 1379 1953 magister
1406 1925 1462 1943 non
1488 1918 1603 1943 tautum

901 1958 1035 1996 ingenio,
1052 1969 1156 1988 verum
1173 1957 1263 1987 etiam
1287 1957 1425 1987 omnibus
1444 1956 1603 1997 praeceptis

900 2001 1080 2037 instructus,
1098 2001 1177 2040 quod
1193 2011 1249 2030 non
1266 2001 1363 2029 solum
1382 2006 1602 2039 praecepturum

902 2044 1121 2083 explicatione,
1135 2054 1238 2074 verum
1250 2043 1338 2072 etiam
1357 2043 1497 2081 exemplo
1510 2043 1604 2072 mani-

902 2087 1012 2116 festare
1028 2088 1128 2116 debet.
1146 2085 1208 2126 (ι’.)
1233 2086 1384 2116 Caeterum
1399 2086 1428 2114 in
1440 2087 1514 2114 lianc
1527 2086 1603 2115 clas-

902 2140 964 2159 sem
978 2140 1081 2159 omnes
1091 2129 1240 2159 referendi
1255 2134 1321 2157 sunt
1332 2128 1545 2167 sophistae,qui
1557 2138 1604 2158 re-

901 2184 971 2202 cens
988 2173 1104 2202 suborti
1123 2177 1202 2201 sunt.
1227 2170 1309 2212 (ια’.)
1326 2172 1453 2201 Restant
1466 2172 1558 2210 igilur
1570 2171 1606 2205 ii,

901 2216 951 2254 qui
967 2221 1035 2244 ante
1051 2216 1126 2244 hanc
1140 2219 1270 2243 nostram
1281 2218 1398 2243 aetatem
1412 2215 1522 2243 docere
1535 2224 1604 2253 pro—

901 2259 972 2288 fessi
997 2263 1077 2293 sunt,
1104 2258 1255 2296 quomodo
1285 2257 1355 2287 lites
1382 2258 1505 2296 agendae
1532 2257 1605 2292 sint,

901 2301 1081 2340 eloquentiae
1113 2301 1245 2330 studium
1273 2300 1436 2329 falsissimo
1467 2306 1496 2330 et
1517 2300 1605 2330 simul

902 2343 1094 2373 odiosissimo
1119 2342 1237 2372 nomine
1266 2343 1477 2379 insignientes,
1501 2342 1605 2372 Diale-

902 2387 1048 2425 cticisque
1062 2396 1096 2415 eo
1109 2387 1330 2425 pejores,quod
1342 2385 1383 2421 hi,
1395 2386 1503 2416 bonum
1518 2386 1604 2416 finem

903 2430 980 2458 mala
997 2429 1055 2464 via,
1072 2429 1115 2458 illi
1137 2429 1245 2458 malurn
1263 2429 1349 2457 tinem
1367 2430 1442 2458 bona
1455 2429 1504 2458 via
1521 2439 1604 2459 asse-

903 2472 951 2511 qui
969 2471 1066 2501 conati
1084 2477 1172 2501 sunt:
1196 2481 1262 2500 nam
1279 2471 1447 2502 dialecticis
1466 2471 1533 2501 istis
1549 2472 1605 2502 mi-

903 2515 1006 2550 nutiis,
1020 2515 1046 2543 si
1063 2514 1131 2553 quis
1147 2514 1176 2543 in
1190 2515 1252 2543 vita
1263 2514 1429 2551 insisteret,
1443 2515 1605 2554 improbis-

904 2558 996 2587 simus
1021 2567 1090 2586 sane
1117 2557 1273 2592 evaderet,
1290 2567 1457 2597 quanquam
1479 2558 1540 2587 illae
1567 2560 1603 2587 a·l

905 2601 1046 2629 virtutem
1067 2604 1097 2629 et
1121 2600 1297 2638 sapientiam
1317 2606 1605 2640 ex·praeceptorum

904 2643 1047 2682 opinione
1077 2642 1154 2671 viam
1182 2643 1330 2678 muniunt,
1355 2643 1507 2673 rhetorica
1534 2654 1605 2673 vero

904 2686 968 2715 haec
986 2690 1149 2724 praecepta,
1166 2685 1223 2715 etsi
1240 2685 1313 2714 nihil
1330 2686 1387 2715 nisi
1397 2691 1604 2726 πολυπραγμο-

904 2728 982 2758 σύνην
993 2733 1022 2757 et
1038 2725 1192 2766 πλεονεξίαν
1207 2728 1398 2767 promittunt,
1411 2730 1447 2758 ad
1464 2731 1603 2758 virtutem

904 2776 1014 2806 tamen,
1044 2775 1125 2800 recte
1157 2771 1303 2806 adhibita,
1329 2772 1441 2801 ducere
1469 2777 1604 2810 possent.

904 2812 986 2854 (ιβ’.)
1009 2814 1054 2843 Ne
1068 2823 1141 2843 vero
1156 2813 1279 2844 aliorum
1297 2814 1531 2853 pollicitationes
1547 2813 1605 2842 cri-

904 2856 1008 2886 minari
1028 2856 1143 2892 videar,
1160 2867 1279 2893 causaS,
1294 2867 1386 2896 quare
1400 2857 1440 2885 ita
1457 2857 1604 2894 judicem,

904 2899 992 2929 facile
1004 2909 1050 2928 me
1063 2898 1333 2930 demonstraturum
1345 2899 1474 2929 conlido.
1493 2899 1540 2928 LA
1549 2908 1604 2928 xo.

906 2944 1065 2981 ignoratur
1088 2952 1147 2981 quo
1171 2946 1307 2981 tempore
1329 2942 1443 2980 scripta
1467 2941 1559 2970 suerit
1574 2945 1606 2970 et

904 2985 1020 3025 prolata
1035 2984 1131 3016 oratio
1147 2989 1250 3016 eontra
1264 2985 1430 3022 Sophisias.
1456 2986 1528 3013 Aue
1538 2993 1592 3014 Ειι.
