<?xml version="1.0" encoding="UTF-8"?>
<!DOCTYPE html PUBLIC "-//W3C//DTD XHTML 1.0 Transitional//EN"
    "http://www.w3.org/TR/xhtml1/DTD/xhtml1-transitional.dtd">
<html xmlns="http://www.w3.org/1999/xhtml" xml:lang="en" lang="en">
 <head>
  <title>
</title>
<meta http-equiv="Content-Type" content="text/html;charset=utf-8" />
  <meta name='ocr-system' content='tesseract 3.04.00' />
  <meta name='ocr-capabilities' content='ocr_page ocr_carea ocr_par ocr_line ocrx_word'/>
</head>
<body>
  <div class='ocr_page' id='page_1' title='image "./oratoresatticie03dobs_0038.png"; bbox 0 0 1924 3314; ppageno 0'>
   <div class='ocr_carea' id='block_1_1' title="bbox 263 209 1177 254">
    <p class='ocr_par' dir='ltr' id='par_1_1' title="bbox 263 209 1177 254">
     <span class='ocr_line' id='line_1_1' title="bbox 263 209 1177 254; baseline -0.004 0"><span class='ocrx_word' id='word_1_1' title='bbox 263 214 311 254; x_wconf 86' lang='lat'><strong>14</strong></span> <span class='ocrx_word' id='word_1_2' title='bbox 786 209 1177 254; x_wconf 88' lang='lat' dir='ltr'><strong>H.STEPHANI</strong></span> 
     </span>
    </p>
   </div>
   <div class='ocr_carea' id='block_1_2' title="bbox 257 318 1721 1346">
    <p class='ocr_par' dir='ltr' id='par_1_2' title="bbox 257 318 1721 921">
     <span class='ocr_line' id='line_1_2' title="bbox 258 318 1710 378; baseline -0.007 -12"><span class='ocrx_word' id='word_1_3' title='bbox 258 333 397 366; x_wconf 85' lang='grc' dir='ltr'>αινὲσει</span> <span class='ocrx_word' id='word_1_4' title='bbox 427 341 501 366; x_wconf 87' lang='lat' dir='ltr'><strong>non</strong></span> <span class='ocrx_word' id='word_1_5' title='bbox 522 330 563 364; x_wconf 79' lang='grc' dir='ltr'><strong>ἐν</strong></span> <span class='ocrx_word' id='word_1_6' title='bbox 589 332 672 370; x_wconf 78' lang='grc' dir='ltr'>ταῖς</span> <span class='ocrx_word' id='word_1_7' title='bbox 703 331 959 378; x_wconf 80' lang='grc' dir='ltr'><em>παραινέσεσι,</em></span> <span class='ocrx_word' id='word_1_8' title='bbox 987 326 1106 363; x_wconf 80' lang='lat' dir='ltr'><strong>dicit:</strong></span> <span class='ocrx_word' id='word_1_9' title='bbox 1138 322 1424 374; x_wconf 82' lang='lat' dir='ltr'><strong>Harpocration</strong></span> <span class='ocrx_word' id='word_1_10' title='bbox 1456 318 1591 359; x_wconf 83' lang='lat' dir='ltr'><strong>cont&#39;ra</strong></span> <span class='ocrx_word' id='word_1_11' title='bbox 1609 329 1710 369; x_wconf 80' lang='grc' dir='ltr'><strong>παρ-“</strong></span> 
     </span>
     <span class='ocr_line' id='line_1_3' title="bbox 257 382 1705 438; baseline -0.008 -11"><span class='ocrx_word' id='word_1_12' title='bbox 257 393 435 433; x_wconf 62' lang='lat' dir='ltr'><strong>aui-orem,</strong></span> <span class='ocrx_word' id='word_1_13' title='bbox 468 401 542 425; x_wconf 92' lang='lat' dir='ltr'><strong>non</strong></span> <span class='ocrx_word' id='word_1_14' title='bbox 562 389 786 438; x_wconf 81' lang='grc' dir='ltr'><strong><em>παραινέσει,</em></strong></span> <span class='ocrx_word' id='word_1_15' title='bbox 819 395 858 424; x_wconf 88' lang='lat' dir='ltr'><strong>et</strong></span> <span class='ocrx_word' id='word_1_16' title='bbox 883 387 1039 436; x_wconf 90' lang='lat' dir='ltr'><strong>quidem</strong></span> <span class='ocrx_word' id='word_1_17' title='bbox 1068 392 1233 434; x_wconf 87' lang='lat' dir='ltr'><strong>utroque</strong></span> <span class='ocrx_word' id='word_1_18' title='bbox 1261 384 1434 422; x_wconf 80' lang='lat' dir='ltr'><strong>iri-loeo:</strong></span> <span class='ocrx_word' id='word_1_19' title='bbox 1465 382 1645 418; x_wconf 85' lang='lat' dir='ltr'><strong>nimirum</strong></span> <span class='ocrx_word' id='word_1_20' title='bbox 1665 386 1705 416; x_wconf 88' lang='lat' dir='ltr'><strong>et</strong></span> 
     </span>
     <span class='ocr_line' id='line_1_4' title="bbox 258 440 1705 500; baseline -0.007 -14"><span class='ocrx_word' id='word_1_21' title='bbox 258 450 295 487; x_wconf 89' lang='lat' dir='ltr'><strong>in</strong></span> <span class='ocrx_word' id='word_1_22' title='bbox 313 450 573 500; x_wconf 63' lang='grc' dir='ltr'>παράκλησις,</span> <span class='ocrx_word' id='word_1_23' title='bbox 606 449 670 486; x_wconf 85' lang='lat' dir='ltr'><strong>ubi</strong></span> <span class='ocrx_word' id='word_1_24' title='bbox 700 448 925 497; x_wconf 87' lang='lat' dir='ltr'><strong>simpliciter</strong></span> <span class='ocrx_word' id='word_1_25' title='bbox 953 448 1163 484; x_wconf 84' lang='lat' dir='ltr'><strong>Isocratem</strong></span> <span class='ocrx_word' id='word_1_26' title='bbox 1198 444 1390 481; x_wconf 82' lang='lat' dir='ltr'><strong>nominat:</strong></span> <span class='ocrx_word' id='word_1_27' title='bbox 1426 443 1519 480; x_wconf 84' lang='lat' dir='ltr'><strong>etin</strong></span> <span class='ocrx_word' id='word_1_28' title='bbox 1547 440 1705 481; x_wconf 77' lang='grc' dir='ltr'>ἐπακτὸς</span> 
     </span>
     <span class='ocr_line' id='line_1_5' title="bbox 258 506 1712 562; baseline -0.007 -12"><span class='ocrx_word' id='word_1_29' title='bbox 258 513 377 562; x_wconf 77' lang='grc' dir='ltr'>ὅρκος,</span> <span class='ocrx_word' id='word_1_30' title='bbox 403 514 466 549; x_wconf 93' lang='lat' dir='ltr'>ubi</span> <span class='ocrx_word' id='word_1_31' title='bbox 500 514 708 550; x_wconf 85' lang='lat' dir='ltr'><strong>[socratem</strong></span> <span class='ocrx_word' id='word_1_32' title='bbox 730 510 1015 560; x_wconf 83' lang='lat' dir='ltr'><strong>Apolloniatem</strong></span> <span class='ocrx_word' id='word_1_33' title='bbox 1045 516 1170 547; x_wconf 85' lang='lat' dir='ltr'><strong>vocat.</strong></span> <span class='ocrx_word' id='word_1_34' title='bbox 1226 509 1434 556; x_wconf 86' lang='lat' dir='ltr'><strong>Quumque</strong></span> <span class='ocrx_word' id='word_1_35' title='bbox 1460 506 1524 542; x_wconf 88' lang='lat' dir='ltr'><strong>hic</strong></span> <span class='ocrx_word' id='word_1_36' title='bbox 1553 506 1593 542; x_wconf 83' lang='grc' dir='ltr'><strong>ἐν’</strong></span> <span class='ocrx_word' id='word_1_37' title='bbox 1622 509 1712 545; x_wconf 71' lang='grc' dir='ltr'>ταῖς</span> 
     </span>
     <span class='ocr_line' id='line_1_6' title="bbox 258 565 1706 623; baseline -0.007 -12"><span class='ocrx_word' id='word_1_38' title='bbox 258 574 348 622; x_wconf 75' lang='grc' dir='ltr'>πρὸς</span> <span class='ocrx_word' id='word_1_39' title='bbox 363 575 565 623; x_wconf 81' lang='grc' dir='ltr'>Δημόνικον</span> <span class='ocrx_word' id='word_1_40' title='bbox 585 576 826 622; x_wconf 79' lang='grc' dir='ltr'>παραινέσεσι</span> <span class='ocrx_word' id='word_1_41' title='bbox 856 572 1038 619; x_wconf 82' lang='lat' dir='ltr'><strong>legamus,</strong></span> <span class='ocrx_word' id='word_1_42' title='bbox 1060 570 1113 606; x_wconf 82' lang='lat' dir='ltr'><strong>ibi</strong></span> <span class='ocrx_word' id='word_1_43' title='bbox 1141 570 1280 618; x_wconf 78' lang='lat' dir='ltr'><strong>legitur</strong></span> <span class='ocrx_word' id='word_1_44' title='bbox 1313 574 1472 609; x_wconf 80' lang='lat' dir='ltr'><strong>tantum,</strong></span> <span class='ocrx_word' id='word_1_45' title='bbox 1490 565 1706 616; x_wconf 77' lang='grc' dir='ltr'>Ἰσοκράτης</span> 
     </span>
     <span class='ocr_line' id='line_1_7' title="bbox 259 626 1721 683; baseline -0.007 -13"><span class='ocrx_word' id='word_1_46' title='bbox 259 634 514 683; x_wconf 82' lang='grc' dir='ltr'>παραινέσεσι.</span> <span class='ocrx_word' id='word_1_47' title='bbox 573 633 667 679; x_wconf 86' lang='lat' dir='ltr'><strong>Ego,</strong></span> <span class='ocrx_word' id='word_1_48' title='bbox 688 631 859 680; x_wconf 84' lang='lat' dir='ltr'><strong>quamvis</strong></span> <span class='ocrx_word' id='word_1_49' title='bbox 897 635 1112 678; x_wconf 80' lang='grc' dir='ltr'>παραίνεσιν</span> <span class='ocrx_word' id='word_1_50' title='bbox 1132 629 1221 666; x_wconf 84' lang='lat' dir='ltr'><strong>ferri</strong></span> <span class='ocrx_word' id='word_1_51' title='bbox 1242 641 1351 677; x_wconf 90' lang='lat' dir='ltr'>posse</span> <span class='ocrx_word' id='word_1_52' title='bbox 1375 626 1474 663; x_wconf 76' lang='lat' dir='ltr'><strong>haud</strong></span> <span class='ocrx_word' id='word_1_53' title='bbox 1494 638 1642 674; x_wconf 85' lang='lat' dir='ltr'><strong>negem,</strong></span> <span class='ocrx_word' id='word_1_54' title='bbox 1665 631 1721 670; x_wconf 19' lang='lat' dir='ltr'><strong>ut*</strong></span> 
     </span>
     <span class='ocr_line' id='line_1_8' title="bbox 260 688 1711 740; baseline -0.005 -11"><span class='ocrx_word' id='word_1_55' title='bbox 260 694 361 729; x_wconf 86' lang='lat' dir='ltr'><strong>idem</strong></span> <span class='ocrx_word' id='word_1_56' title='bbox 380 691 501 729; x_wconf 71' lang='lat' dir='ltr'><strong>valeat</strong></span> <span class='ocrx_word' id='word_1_57' title='bbox 523 693 628 740; x_wconf 92' lang='lat' dir='ltr'><strong>quod</strong></span> <span class='ocrx_word' id='word_1_58' title='bbox 650 691 909 740; x_wconf 75' lang='grc' dir='ltr'>παραινετικός</span> <span class='ocrx_word' id='word_1_59' title='bbox 930 694 1059 737; x_wconf 81' lang='grc' dir='ltr'>λόγος,</span> <span class='ocrx_word' id='word_1_60' title='bbox 1092 697 1215 726; x_wconf 84' lang='lat' dir='ltr'><strong>tamen</strong></span> <span class='ocrx_word' id='word_1_61' title='bbox 1238 689 1296 724; x_wconf 88' lang='lat' dir='ltr'><strong>vel</strong></span> <span class='ocrx_word' id='word_1_62' title='bbox 1309 689 1382 725; x_wconf 87' lang='lat' dir='ltr'><strong>hoc</strong></span> <span class='ocrx_word' id='word_1_63' title='bbox 1399 688 1520 736; x_wconf 88' lang='lat' dir='ltr'>ipsum</span> <span class='ocrx_word' id='word_1_64' title='bbox 1539 702 1711 736; x_wconf 81' lang='grc' dir='ltr'>παραινε-</span> 
     </span>
     <span class='ocr_line' id='line_1_9' title="bbox 261 748 1709 800; baseline -0.005 -11"><span class='ocrx_word' id='word_1_65' title='bbox 261 753 358 794; x_wconf 77' lang='grc' dir='ltr'>τικὸς</span> <span class='ocrx_word' id='word_1_66' title='bbox 388 754 505 799; x_wconf 79' lang='grc' dir='ltr'>λόγος</span> <span class='ocrx_word' id='word_1_67' title='bbox 528 757 587 798; x_wconf 87' lang='lat' dir='ltr'><strong>(ut</strong></span> <span class='ocrx_word' id='word_1_68' title='bbox 620 764 641 787; x_wconf 84' lang='lat' dir='ltr'><strong>a</strong></span> <span class='ocrx_word' id='word_1_69' title='bbox 672 751 902 800; x_wconf 87' lang='lat' dir='ltr'><strong>quibusdam</strong></span> <span class='ocrx_word' id='word_1_70' title='bbox 931 756 1101 795; x_wconf 84' lang='lat' dir='ltr'><strong>vocatur,</strong></span> <span class='ocrx_word' id='word_1_71' title='bbox 1134 762 1251 798; x_wconf 89' lang='lat' dir='ltr'><strong>quum</strong></span> <span class='ocrx_word' id='word_1_72' title='bbox 1275 748 1439 785; x_wconf 82' lang='lat' dir='ltr'><strong>fortasse</strong></span> <span class='ocrx_word' id='word_1_73' title='bbox 1472 748 1709 796; x_wconf 76' lang='grc' dir='ltr'>παραινετικὴ</span> 
     </span>
     <span class='ocr_line' id='line_1_10' title="bbox 261 807 1707 861; baseline -0.003 -13"><span class='ocrx_word' id='word_1_74' title='bbox 261 813 436 856; x_wconf 78' lang='grc' dir='ltr'>ἐπιστολὴ</span> <span class='ocrx_word' id='word_1_75' title='bbox 468 812 596 861; x_wconf 83' lang='lat' dir='ltr'><strong>aptius</strong></span> <span class='ocrx_word' id='word_1_76' title='bbox 617 811 802 860; x_wconf 83' lang='lat' dir='ltr'><strong>appellari</strong></span> <span class='ocrx_word' id='word_1_77' title='bbox 827 817 970 860; x_wconf 88' lang='lat' dir='ltr'><strong>posset,</strong></span> <span class='ocrx_word' id='word_1_78' title='bbox 1000 817 1040 847; x_wconf 92' lang='lat' dir='ltr'><strong>ut</strong></span> <span class='ocrx_word' id='word_1_79' title='bbox 1069 810 1185 859; x_wconf 86' lang='lat' dir='ltr'><strong>paulo</strong></span> <span class='ocrx_word' id='word_1_80' title='bbox 1203 815 1293 858; x_wconf 91' lang='lat' dir='ltr'><strong>post</strong></span> <span class='ocrx_word' id='word_1_81' title='bbox 1321 808 1502 854; x_wconf 83' lang='lat' dir='ltr'><strong>dicetur),</strong></span> <span class='ocrx_word' id='word_1_82' title='bbox 1533 807 1592 844; x_wconf 86' lang='lat' dir='ltr'><strong>vel</strong></span> <span class='ocrx_word' id='word_1_83' title='bbox 1620 820 1707 845; x_wconf 89' lang='lat' dir='ltr'><strong>cum</strong></span> 
     </span>
     <span class='ocr_line' id='line_1_11' title="bbox 263 870 1318 921; baseline -0.003 -12"><span class='ocrx_word' id='word_1_84' title='bbox 263 873 570 921; x_wconf 81' lang='lat' dir='ltr'><strong>Harpocratioue</strong></span> <span class='ocrx_word' id='word_1_85' title='bbox 587 875 824 921; x_wconf 77' lang='grc' dir='ltr'>παραινέσεις</span> <span class='ocrx_word' id='word_1_86' title='bbox 846 872 998 908; x_wconf 90' lang='lat' dir='ltr'><strong>titulum</strong></span> <span class='ocrx_word' id='word_1_87' title='bbox 1020 871 1055 907; x_wconf 88' lang='lat' dir='ltr'><strong>ei</strong></span> <span class='ocrx_word' id='word_1_88' title='bbox 1075 884 1157 907; x_wconf 87' lang='lat' dir='ltr'><strong>esse</strong></span> <span class='ocrx_word' id='word_1_89' title='bbox 1178 870 1318 906; x_wconf 74' lang='lat' dir='ltr'><strong>malim.</strong></span> 
     </span>
    </p>

    <p class='ocr_par' dir='ltr' id='par_1_3' title="bbox 265 929 1721 1346">
     <span class='ocr_line' id='line_1_12' title="bbox 317 929 1710 983; baseline -0.002 -14"><span class='ocrx_word' id='word_1_90' title='bbox 317 935 388 983; x_wconf 81' lang='lat'>(5.)</span> <span class='ocrx_word' id='word_1_91' title='bbox 405 933 465 969; x_wconf 86' lang='lat' dir='ltr'><strong>Ne</strong></span> <span class='ocrx_word' id='word_1_92' title='bbox 486 933 534 969; x_wconf 89' lang='lat' dir='ltr'><strong>de</strong></span> <span class='ocrx_word' id='word_1_93' title='bbox 556 933 628 969; x_wconf 79' lang='lat' dir='ltr'><strong>lioc</strong></span> <span class='ocrx_word' id='word_1_94' title='bbox 645 932 802 981; x_wconf 87' lang='lat' dir='ltr'><strong>quidem</strong></span> <span class='ocrx_word' id='word_1_95' title='bbox 819 932 995 969; x_wconf 83' lang='lat' dir='ltr'>assentiri</span> <span class='ocrx_word' id='word_1_96' title='bbox 1015 931 1098 968; x_wconf 85' lang='lat' dir='ltr'>aliis</span> <span class='ocrx_word' id='word_1_97' title='bbox 1117 944 1286 981; x_wconf 89' lang='lat' dir='ltr'>possum,</span> <span class='ocrx_word' id='word_1_98' title='bbox 1299 930 1373 967; x_wconf 87' lang='lat' dir='ltr'><strong>hoc</strong></span> <span class='ocrx_word' id='word_1_99' title='bbox 1390 929 1618 979; x_wconf 90' lang='lat' dir='ltr'><strong>opusculum</strong></span> <span class='ocrx_word' id='word_1_100' title='bbox 1639 941 1710 979; x_wconf 86' lang='lat' dir='ltr'><strong>pro</strong></span> 
     </span>
     <span class='ocr_line' id='line_1_13' title="bbox 265 989 1711 1038; baseline -0.002 -8"><span class='ocrx_word' id='word_1_101' title='bbox 265 995 441 1031; x_wconf 84' lang='lat' dir='ltr'><strong>oratione</strong></span> <span class='ocrx_word' id='word_1_102' title='bbox 477 993 694 1030; x_wconf 84' lang='lat' dir='ltr'><strong>habendum</strong></span> <span class='ocrx_word' id='word_1_103' title='bbox 724 1006 820 1038; x_wconf 86' lang='lat' dir='ltr'><strong>esse,</strong></span> <span class='ocrx_word' id='word_1_104' title='bbox 847 999 884 1029; x_wconf 90' lang='lat' dir='ltr'><strong>et</strong></span> <span class='ocrx_word' id='word_1_105' title='bbox 906 993 1115 1029; x_wconf 84' lang='lat' dir='ltr'><strong>orationem</strong></span> <span class='ocrx_word' id='word_1_106' title='bbox 1145 992 1192 1028; x_wconf 82' lang='lat' dir='ltr'><strong>ad</strong></span> <span class='ocrx_word' id='word_1_107' title='bbox 1216 991 1471 1028; x_wconf 88' lang='lat' dir='ltr'><strong>Demonicum</strong></span> <span class='ocrx_word' id='word_1_108' title='bbox 1492 991 1622 1028; x_wconf 87' lang='lat' dir='ltr'><strong>vocari</strong></span> <span class='ocrx_word' id='word_1_109' title='bbox 1642 989 1711 1027; x_wconf 85' lang='lat' dir='ltr'><strong>de-</strong></span> 
     </span>
     <span class='ocr_line' id='line_1_14' title="bbox 265 1050 1710 1103; baseline -0.003 -12"><span class='ocrx_word' id='word_1_110' title='bbox 265 1055 371 1092; x_wconf 84' lang='lat' dir='ltr'><strong>bere.</strong></span> <span class='ocrx_word' id='word_1_111' title='bbox 429 1054 612 1103; x_wconf 86' lang='lat' dir='ltr'><strong>Epistolae</strong></span> <span class='ocrx_word' id='word_1_112' title='bbox 639 1053 740 1090; x_wconf 91' lang='lat' dir='ltr'><strong>enim</strong></span> <span class='ocrx_word' id='word_1_113' title='bbox 762 1053 889 1103; x_wconf 87' lang='lat' dir='ltr'><strong>potius</strong></span> <span class='ocrx_word' id='word_1_114' title='bbox 909 1066 1022 1103; x_wconf 81' lang='lat' dir='ltr'><strong>quam</strong></span> <span class='ocrx_word' id='word_1_115' title='bbox 1043 1053 1226 1090; x_wconf 86' lang='lat' dir='ltr'><strong>orationis</strong></span> <span class='ocrx_word' id='word_1_116' title='bbox 1248 1052 1407 1089; x_wconf 87' lang='lat' dir='ltr'><strong>formam</strong></span> <span class='ocrx_word' id='word_1_117' title='bbox 1441 1064 1523 1101; x_wconf 88' lang='lat' dir='ltr'><strong>prae</strong></span> <span class='ocrx_word' id='word_1_118' title='bbox 1552 1063 1590 1088; x_wconf 86' lang='lat' dir='ltr'><strong>se</strong></span> <span class='ocrx_word' id='word_1_119' title='bbox 1624 1050 1710 1088; x_wconf 83' lang='lat' dir='ltr'><strong>sert.</strong></span> 
     </span>
     <span class='ocr_line' id='line_1_15' title="bbox 265 1111 1713 1164; baseline -0.003 -13"><span class='ocrx_word' id='word_1_120' title='bbox 265 1116 323 1151; x_wconf 82' lang='lat' dir='ltr'><strong>Ac</strong></span> <span class='ocrx_word' id='word_1_121' title='bbox 344 1115 478 1151; x_wconf 85' lang='lat' dir='ltr'><strong>titulus</strong></span> <span class='ocrx_word' id='word_1_122' title='bbox 499 1114 562 1164; x_wconf 89' lang='lat' dir='ltr'><strong>qui</strong></span> <span class='ocrx_word' id='word_1_123' title='bbox 583 1127 604 1150; x_wconf 84' lang='lat' dir='ltr'><strong>a</strong></span> <span class='ocrx_word' id='word_1_124' title='bbox 625 1113 818 1150; x_wconf 88' lang='lat' dir='ltr'><strong>veteribus</strong></span> <span class='ocrx_word' id='word_1_125' title='bbox 837 1114 926 1151; x_wconf 89' lang='lat' dir='ltr'><strong>huic</strong></span> <span class='ocrx_word' id='word_1_126' title='bbox 948 1113 1137 1163; x_wconf 90' lang='lat' dir='ltr'>opusculo</span> <span class='ocrx_word' id='word_1_127' title='bbox 1150 1114 1279 1158; x_wconf 87' lang='lat' dir='ltr'><strong>datur,</strong></span> <span class='ocrx_word' id='word_1_128' title='bbox 1292 1113 1523 1163; x_wconf 80' lang='grc' dir='ltr'>παραίνεσις,</span> <span class='ocrx_word' id='word_1_129' title='bbox 1541 1111 1619 1148; x_wconf 86' lang='lat' dir='ltr'><strong>sive</strong></span> <span class='ocrx_word' id='word_1_130' title='bbox 1639 1127 1713 1147; x_wconf 86' lang='grc' dir='ltr'><strong>πα-</strong></span> 
     </span>
     <span class='ocr_line' id='line_1_16' title="bbox 265 1173 1712 1224; baseline -0.002 -13"><span class='ocrx_word' id='word_1_131' title='bbox 265 1177 456 1222; x_wconf 79' lang='grc' dir='ltr'>ραινέσεις,</span> <span class='ocrx_word' id='word_1_132' title='bbox 477 1188 552 1211; x_wconf 90' lang='lat' dir='ltr'><strong>non</strong></span> <span class='ocrx_word' id='word_1_133' title='bbox 572 1175 694 1211; x_wconf 91' lang='lat' dir='ltr'><strong>minus</strong></span> <span class='ocrx_word' id='word_1_134' title='bbox 713 1174 886 1224; x_wconf 88' lang='lat' dir='ltr'><strong>epistolae</strong></span> <span class='ocrx_word' id='word_1_135' title='bbox 916 1187 1030 1223; x_wconf 88' lang='lat' dir='ltr'><strong>quam</strong></span> <span class='ocrx_word' id='word_1_136' title='bbox 1061 1174 1222 1211; x_wconf 87' lang='lat' dir='ltr'><strong>orationi</strong></span> <span class='ocrx_word' id='word_1_137' title='bbox 1251 1173 1456 1211; x_wconf 88' lang='lat' dir='ltr'><strong>convenire</strong></span> <span class='ocrx_word' id='word_1_138' title='bbox 1483 1178 1637 1222; x_wconf 86' lang='lat' dir='ltr'><strong>potest:</strong></span> <span class='ocrx_word' id='word_1_139' title='bbox 1666 1184 1712 1209; x_wconf 82' lang='lat' dir='ltr'><strong>ac</strong></span> 
     </span>
     <span class='ocr_line' id='line_1_17' title="bbox 267 1233 1721 1286; baseline -0.002 -14"><span class='ocrx_word' id='word_1_140' title='bbox 267 1236 439 1285; x_wconf 83' lang='lat' dir='ltr'><strong>quamvis</strong></span> <span class='ocrx_word' id='word_1_141' title='bbox 458 1237 572 1285; x_wconf 87' lang='lat' dir='ltr'><strong>vulgo</strong></span> <span class='ocrx_word' id='word_1_142' title='bbox 591 1236 842 1286; x_wconf 80' lang='grc' dir='ltr'>παραινετικὸς</span> <span class='ocrx_word' id='word_1_143' title='bbox 862 1236 977 1272; x_wconf 87' lang='lat' dir='ltr'><strong>etiam</strong></span> <span class='ocrx_word' id='word_1_144' title='bbox 995 1238 1108 1283; x_wconf 85' lang='grc' dir='ltr'>λόγος</span> <span class='ocrx_word' id='word_1_145' title='bbox 1129 1235 1353 1284; x_wconf 81' lang='lat' dir='ltr'>appelletur,</span> <span class='ocrx_word' id='word_1_146' title='bbox 1376 1246 1451 1271; x_wconf 88' lang='lat' dir='ltr'><strong>non</strong></span> <span class='ocrx_word' id='word_1_147' title='bbox 1478 1233 1602 1270; x_wconf 89' lang='lat' dir='ltr'><strong>minus</strong></span> <span class='ocrx_word' id='word_1_148' title='bbox 1622 1233 1721 1282; x_wconf 78' lang='lat' dir='ltr'><strong>apte&#39;</strong></span> 
     </span>
     <span class='ocr_line' id='line_1_18' title="bbox 268 1293 1227 1346; baseline -0.001 -13"><span class='ocrx_word' id='word_1_149' title='bbox 268 1300 526 1344; x_wconf 74' lang='grc' dir='ltr'>παραινετικὴν</span> <span class='ocrx_word' id='word_1_150' title='bbox 545 1298 743 1341; x_wconf 78' lang='grc' dir='ltr'>ἐπιστολὴν</span> <span class='ocrx_word' id='word_1_151' title='bbox 763 1296 839 1333; x_wconf 82' lang='lat' dir='ltr'><strong>dici</strong></span> <span class='ocrx_word' id='word_1_152' title='bbox 860 1309 975 1346; x_wconf 85' lang='lat' dir='ltr'>posse</span> <span class='ocrx_word' id='word_1_153' title='bbox 992 1302 1154 1333; x_wconf 82' lang='lat' dir='ltr'><strong>constat.</strong></span> <span class='ocrx_word' id='word_1_154' title='bbox 1222 1293 1227 1298; x_wconf 53' lang='lat'>⁸</span> 
     </span>
    </p>
   </div>
   <div class='ocr_carea' id='block_1_3' title="bbox 671 1469 1323 1480">
    <p class='ocr_par' dir='ltr' id='par_1_4' title="bbox 671 1469 1323 1480">
     <span class='ocr_line' id='line_1_19' title="bbox 671 1469 1323 1480; baseline 0 0"><span class='ocrx_word' id='word_1_155' title='bbox 671 1469 1323 1480; x_wconf 95' lang='lat' dir='ltr'><strong> </strong></span> 
     </span>
    </p>
   </div>
   <div class='ocr_carea' id='block_1_4' title="bbox 773 1596 1211 1637">
    <p class='ocr_par' dir='ltr' id='par_1_5' title="bbox 773 1596 1211 1637">
     <span class='ocr_line' id='line_1_20' title="bbox 773 1596 1211 1637; baseline 0.002 -1"><span class='ocrx_word' id='word_1_156' title='bbox 773 1596 1112 1637; x_wconf 88' lang='lat' dir='ltr'><strong>DIATRIBE</strong></span> <span class='ocrx_word' id='word_1_157' title='bbox 1151 1596 1211 1637; x_wconf 94' lang='lat' dir='ltr'><strong>II.</strong></span> 
     </span>
    </p>
   </div>
   <div class='ocr_carea' id='block_1_5' title="bbox 270 1689 1720 1883">
    <p class='ocr_par' dir='ltr' id='par_1_6' title="bbox 270 1689 1720 1883">
     <span class='ocr_line' id='line_1_21' title="bbox 310 1689 1720 1731; baseline -0.001 -11"><span class='ocrx_word' id='word_1_158' title='bbox 310 1690 375 1731; x_wconf 83' lang='lat'>(1.)</span> <span class='ocrx_word' id='word_1_159' title='bbox 400 1691 458 1721; x_wconf 79' lang='lat' dir='ltr'><strong>Illa</strong></span> <span class='ocrx_word' id='word_1_160' title='bbox 473 1691 562 1721; x_wconf 89' lang='lat' dir='ltr'><strong>etiam</strong></span> <span class='ocrx_word' id='word_1_161' title='bbox 584 1692 645 1721; x_wconf 85' lang='lat' dir='ltr'><strong>duo</strong></span> <span class='ocrx_word' id='word_1_162' title='bbox 669 1693 836 1731; x_wconf 86' lang='lat' dir='ltr'>Opuscula,</span> <span class='ocrx_word' id='word_1_163' title='bbox 853 1703 977 1731; x_wconf 87' lang='lat' dir='ltr'><strong>quorum</strong></span> <span class='ocrx_word' id='word_1_164' title='bbox 995 1703 1083 1722; x_wconf 88' lang='lat' dir='ltr'><strong>unum</strong></span> <span class='ocrx_word' id='word_1_165' title='bbox 1101 1692 1148 1722; x_wconf 83' lang='lat' dir='ltr'><strong>Ad</strong></span> <span class='ocrx_word' id='word_1_166' title='bbox 1165 1691 1336 1726; x_wconf 85' lang='lat' dir='ltr'><strong>Nicoclem,</strong></span> <span class='ocrx_word' id='word_1_167' title='bbox 1361 1690 1489 1719; x_wconf 88' lang='lat' dir='ltr'><strong>alterum</strong></span> <span class='ocrx_word' id='word_1_168' title='bbox 1513 1689 1660 1719; x_wconf 83' lang='lat' dir='ltr'><strong>Nicocles</strong></span> <span class='ocrx_word' id='word_1_169' title='bbox 1676 1689 1720 1719; x_wconf 85' lang='lat' dir='ltr'><strong>in-</strong></span> 
     </span>
     <span class='ocr_line' id='line_1_22' title="bbox 270 1739 1718 1781; baseline -0.002 -9"><span class='ocrx_word' id='word_1_170' title='bbox 270 1743 423 1776; x_wconf 74' lang='lat' dir='ltr'>scribitur,</span> <span class='ocrx_word' id='word_1_171' title='bbox 442 1748 582 1781; x_wconf 81' lang='lat' dir='ltr'><strong>suspecta</strong></span> <span class='ocrx_word' id='word_1_172' title='bbox 599 1743 779 1781; x_wconf 77' lang='lat' dir='ltr'><strong>quibusdam</strong></span> <span class='ocrx_word' id='word_1_173' title='bbox 796 1743 902 1778; x_wconf 77' lang='lat' dir='ltr'>fuisse,</span> <span class='ocrx_word' id='word_1_174' title='bbox 916 1748 1053 1781; x_wconf 87' lang='lat' dir='ltr'><strong>tanquam</strong></span> <span class='ocrx_word' id='word_1_175' title='bbox 1071 1753 1176 1772; x_wconf 86' lang='lat' dir='ltr'><strong>nomen</strong></span> <span class='ocrx_word' id='word_1_176' title='bbox 1189 1742 1321 1772; x_wconf 86' lang='lat' dir='ltr'><strong>auctoris</strong></span> <span class='ocrx_word' id='word_1_177' title='bbox 1338 1740 1524 1770; x_wconf 82' lang='lat' dir='ltr'><strong>mentientia.</strong></span> <span class='ocrx_word' id='word_1_178' title='bbox 1569 1739 1635 1781; x_wconf 70' lang='lat' dir='ltr'>(Q.)</span> <span class='ocrx_word' id='word_1_179' title='bbox 1659 1740 1718 1769; x_wconf 83' lang='lat' dir='ltr'><strong>Illa</strong></span> 
     </span>
     <span class='ocr_line' id='line_1_23' title="bbox 270 1790 1720 1833; baseline -0.001 -13"><span class='ocrx_word' id='word_1_180' title='bbox 270 1803 390 1830; x_wconf 83' lang='lat' dir='ltr'><strong>quoque</strong></span> <span class='ocrx_word' id='word_1_181' title='bbox 417 1792 582 1830; x_wconf 79' lang='lat' dir='ltr'><strong>Opuscula,</strong></span> <span class='ocrx_word' id='word_1_182' title='bbox 604 1792 669 1822; x_wconf 79' lang='lat' dir='ltr'><strong>sive</strong></span> <span class='ocrx_word' id='word_1_183' title='bbox 686 1793 754 1822; x_wconf 83' lang='lat' dir='ltr'>illos</span> <span class='ocrx_word' id='word_1_184' title='bbox 774 1793 920 1829; x_wconf 80' lang='lat' dir='ltr'>Libellos,</span> <span class='ocrx_word' id='word_1_185' title='bbox 942 1793 1037 1832; x_wconf 84' lang='lat' dir='ltr'><strong>magis</strong></span> <span class='ocrx_word' id='word_1_186' title='bbox 1061 1798 1131 1833; x_wconf 78' lang='lat' dir='ltr'><strong>apte</strong></span> <span class='ocrx_word' id='word_1_187' title='bbox 1153 1793 1281 1822; x_wconf 82' lang='lat' dir='ltr'><strong>sortasse</strong></span> <span class='ocrx_word' id='word_1_188' title='bbox 1298 1791 1400 1821; x_wconf 84' lang='lat' dir='ltr'><strong>vocari</strong></span> <span class='ocrx_word' id='word_1_189' title='bbox 1425 1801 1516 1830; x_wconf 87' lang='lat' dir='ltr'>posse</span> <span class='ocrx_word' id='word_1_190' title='bbox 1538 1790 1720 1830; x_wconf 80' lang='lat' dir='ltr'><strong>Epistulas:</strong></span> 
     </span>
     <span class='ocr_line' id='line_1_24' title="bbox 270 1842 1311 1883; baseline 0.001 -12"><span class='ocrx_word' id='word_1_191' title='bbox 270 1842 500 1881; x_wconf 76' lang='lat' dir='ltr'><strong>praesertimque</strong></span> <span class='ocrx_word' id='word_1_192' title='bbox 516 1843 610 1882; x_wconf 81' lang='lat' dir='ltr'><strong>priori</strong></span> <span class='ocrx_word' id='word_1_193' title='bbox 627 1843 725 1872; x_wconf 82' lang='lat' dir='ltr'><strong>videri</strong></span> <span class='ocrx_word' id='word_1_194' title='bbox 741 1844 836 1882; x_wconf 80' lang='lat' dir='ltr'><strong>magis</strong></span> <span class='ocrx_word' id='word_1_195' title='bbox 853 1844 1016 1873; x_wconf 80' lang='lat' dir='ltr'><strong>convenire</strong></span> <span class='ocrx_word' id='word_1_196' title='bbox 1030 1853 1137 1873; x_wconf 84' lang='lat' dir='ltr'><strong>nomeu</strong></span> <span class='ocrx_word' id='word_1_197' title='bbox 1155 1842 1311 1883; x_wconf 82' lang='lat' dir='ltr'><strong>Epistolae.</strong></span> 
     </span>
    </p>
   </div>
   <div class='ocr_carea' id='block_1_6' title="bbox 266 1914 1727 3004">
    <p class='ocr_par' dir='ltr' id='par_1_7' title="bbox 266 1914 1727 3004">
     <span class='ocr_line' id='line_1_25' title="bbox 323 1914 1719 1966; baseline -0.001 -13"><span class='ocrx_word' id='word_1_198' title='bbox 323 1917 395 1966; x_wconf 91' lang='lat'>(1.)</span> <span class='ocrx_word' id='word_1_199' title='bbox 423 1916 551 1965; x_wconf 83' lang='lat' dir='ltr'>Magis</span> <span class='ocrx_word' id='word_1_200' title='bbox 577 1916 711 1954; x_wconf 85' lang='lat' dir='ltr'><strong>mirum</strong></span> <span class='ocrx_word' id='word_1_201' title='bbox 741 1929 853 1966; x_wconf 91' lang='lat' dir='ltr'>posse</span> <span class='ocrx_word' id='word_1_202' title='bbox 882 1917 1009 1954; x_wconf 86' lang='lat' dir='ltr'><strong>multis</strong></span> <span class='ocrx_word' id='word_1_203' title='bbox 1037 1917 1155 1955; x_wconf 81' lang='lat' dir='ltr'><strong>videri</strong></span> <span class='ocrx_word' id='word_1_204' title='bbox 1182 1917 1264 1954; x_wconf 89' lang='lat' dir='ltr'>scio</span> <span class='ocrx_word' id='word_1_205' title='bbox 1293 1915 1399 1966; x_wconf 93' lang='lat' dir='ltr'><strong>quod</strong></span> <span class='ocrx_word' id='word_1_206' title='bbox 1427 1927 1531 1953; x_wconf 91' lang='lat' dir='ltr'><strong>nunc</strong></span> <span class='ocrx_word' id='word_1_207' title='bbox 1558 1914 1608 1952; x_wconf 90' lang='lat' dir='ltr'><strong>de</strong></span> <span class='ocrx_word' id='word_1_208' title='bbox 1635 1914 1719 1952; x_wconf 81' lang='lat' dir='ltr'>aliis</span> 
     </span>
     <span class='ocr_line' id='line_1_26' title="bbox 268 1977 1721 2029; baseline -0.001 -15"><span class='ocrx_word' id='word_1_209' title='bbox 268 1977 419 2014; x_wconf 89' lang='lat' dir='ltr'><strong>dnobus</strong></span> <span class='ocrx_word' id='word_1_210' title='bbox 453 1978 648 2026; x_wconf 83' lang='lat' dir='ltr'>opusculis</span> <span class='ocrx_word' id='word_1_211' title='bbox 679 1978 820 2024; x_wconf 87' lang='lat' dir='ltr'><strong>dicam,</strong></span> <span class='ocrx_word' id='word_1_212' title='bbox 851 1992 938 2029; x_wconf 88' lang='lat' dir='ltr'><strong>quae</strong></span> <span class='ocrx_word' id='word_1_213' title='bbox 969 1979 1063 2016; x_wconf 91' lang='lat' dir='ltr'><strong>illud</strong></span> <span class='ocrx_word' id='word_1_214' title='bbox 1094 1978 1141 2016; x_wconf 90' lang='lat' dir='ltr'><strong>ad</strong></span> <span class='ocrx_word' id='word_1_215' title='bbox 1175 1979 1434 2016; x_wconf 86' lang='lat' dir='ltr'><strong>Demonicum</strong></span> <span class='ocrx_word' id='word_1_216' title='bbox 1465 1977 1637 2027; x_wconf 75' lang='lat' dir='ltr'>proxime</span> <span class='ocrx_word' id='word_1_217' title='bbox 1661 1990 1721 2014; x_wconf 89' lang='lat' dir='ltr'><strong>se-</strong></span> 
     </span>
     <span class='ocr_line' id='line_1_27' title="bbox 270 2037 1721 2088; baseline -0.001 -14"><span class='ocrx_word' id='word_1_218' title='bbox 270 2045 459 2087; x_wconf 87' lang='lat' dir='ltr'><strong>quuntur:</strong></span> <span class='ocrx_word' id='word_1_219' title='bbox 492 2046 670 2088; x_wconf 86' lang='lat' dir='ltr'><strong>suspecta</strong></span> <span class='ocrx_word' id='word_1_220' title='bbox 691 2038 870 2077; x_wconf 85' lang='lat' dir='ltr'><strong>videlicet</strong></span> <span class='ocrx_word' id='word_1_221' title='bbox 891 2038 1007 2076; x_wconf 89' lang='lat' dir='ltr'>fuisse</span> <span class='ocrx_word' id='word_1_222' title='bbox 1024 2046 1061 2076; x_wconf 88' lang='lat' dir='ltr'><strong>et</strong></span> <span class='ocrx_word' id='word_1_223' title='bbox 1083 2039 1164 2088; x_wconf 85' lang='lat' dir='ltr'>ipsa</span> <span class='ocrx_word' id='word_1_224' title='bbox 1186 2046 1368 2088; x_wconf 83' lang='lat' dir='ltr'><strong>tanquam</strong></span> <span class='ocrx_word' id='word_1_225' title='bbox 1391 2051 1529 2075; x_wconf 87' lang='lat' dir='ltr'><strong>nomen</strong></span> <span class='ocrx_word' id='word_1_226' title='bbox 1550 2037 1721 2074; x_wconf 85' lang='lat' dir='ltr'><strong>auctoris</strong></span> 
     </span>
     <span class='ocr_line' id='line_1_28' title="bbox 270 2098 1721 2149; baseline 0.001 -15"><span class='ocrx_word' id='word_1_227' title='bbox 270 2098 503 2136; x_wconf 76' lang='lat' dir='ltr'><strong>mentientia.</strong></span> <span class='ocrx_word' id='word_1_228' title='bbox 560 2100 729 2136; x_wconf 82' lang='lat' dir='ltr'>Movisse</span> <span class='ocrx_word' id='word_1_229' title='bbox 749 2106 876 2137; x_wconf 82' lang='lat' dir='ltr'><strong>autem</strong></span> <span class='ocrx_word' id='word_1_230' title='bbox 894 2100 978 2137; x_wconf 86' lang='lat' dir='ltr'>illos</span> <span class='ocrx_word' id='word_1_231' title='bbox 994 2100 1172 2138; x_wconf 86' lang='lat' dir='ltr'><strong>existimo</strong></span> <span class='ocrx_word' id='word_1_232' title='bbox 1187 2113 1276 2137; x_wconf 90' lang='lat' dir='ltr'><strong>cum</strong></span> <span class='ocrx_word' id='word_1_233' title='bbox 1292 2100 1381 2145; x_wconf 84' lang='lat' dir='ltr'><strong>alia,</strong></span> <span class='ocrx_word' id='word_1_234' title='bbox 1394 2111 1482 2149; x_wconf 86' lang='lat' dir='ltr'><strong>quae</strong></span> <span class='ocrx_word' id='word_1_235' title='bbox 1499 2111 1575 2136; x_wconf 90' lang='lat' dir='ltr'><strong>non</strong></span> <span class='ocrx_word' id='word_1_236' title='bbox 1594 2098 1721 2135; x_wconf 90' lang='lat' dir='ltr'><strong>minus</strong></span> 
     </span>
     <span class='ocr_line' id='line_1_29' title="bbox 270 2158 1723 2211; baseline 0.001 -17"><span class='ocrx_word' id='word_1_237' title='bbox 270 2158 450 2195; x_wconf 84' lang='lat' dir='ltr'><strong>adversus</strong></span> <span class='ocrx_word' id='word_1_238' title='bbox 471 2159 540 2196; x_wconf 76' lang='lat' dir='ltr'>lios</span> <span class='ocrx_word' id='word_1_239' title='bbox 561 2160 713 2197; x_wconf 86' lang='lat' dir='ltr'><strong>libellos</strong></span> <span class='ocrx_word' id='word_1_240' title='bbox 733 2173 848 2210; x_wconf 87' lang='lat' dir='ltr'><strong>quam</strong></span> <span class='ocrx_word' id='word_1_241' title='bbox 870 2161 1032 2210; x_wconf 88' lang='lat' dir='ltr'><strong>primum</strong></span> <span class='ocrx_word' id='word_1_242' title='bbox 1048 2161 1151 2198; x_wconf 92' lang='lat' dir='ltr'><strong>illum</strong></span> <span class='ocrx_word' id='word_1_243' title='bbox 1170 2161 1290 2211; x_wconf 84' lang='lat' dir='ltr'><strong>objici</strong></span> <span class='ocrx_word' id='word_1_244' title='bbox 1311 2166 1468 2211; x_wconf 87' lang='lat' dir='ltr'><strong>possent</strong></span> <span class='ocrx_word' id='word_1_245' title='bbox 1480 2163 1531 2208; x_wconf 90' lang='lat' dir='ltr'><strong>(et</strong></span> <span class='ocrx_word' id='word_1_246' title='bbox 1548 2159 1624 2196; x_wconf 91' lang='lat' dir='ltr'><strong>hoc</strong></span> <span class='ocrx_word' id='word_1_247' title='bbox 1637 2159 1723 2209; x_wconf 88' lang='lat' dir='ltr'><strong>qui-</strong></span> 
     </span>
     <span class='ocr_line' id='line_1_30' title="bbox 271 2218 1723 2272; baseline 0.002 -18"><span class='ocrx_word' id='word_1_248' title='bbox 271 2218 358 2255; x_wconf 90' lang='lat' dir='ltr'><strong>dem</strong></span> <span class='ocrx_word' id='word_1_249' title='bbox 381 2219 616 2263; x_wconf 86' lang='lat' dir='ltr'><strong>nominatim,</strong></span> <span class='ocrx_word' id='word_1_250' title='bbox 638 2221 928 2259; x_wconf 87' lang='lat' dir='ltr'><strong>convenientius</strong></span> <span class='ocrx_word' id='word_1_251' title='bbox 950 2221 1065 2259; x_wconf 86' lang='lat' dir='ltr'>fuisse</span> <span class='ocrx_word' id='word_1_252' title='bbox 1087 2221 1154 2266; x_wconf 90' lang='lat' dir='ltr'><strong>illi,</strong></span> <span class='ocrx_word' id='word_1_253' title='bbox 1179 2222 1227 2258; x_wconf 89' lang='lat' dir='ltr'><strong>de</strong></span> <span class='ocrx_word' id='word_1_254' title='bbox 1248 2222 1397 2272; x_wconf 90' lang='lat' dir='ltr'><strong>optimo</strong></span> <span class='ocrx_word' id='word_1_255' title='bbox 1419 2220 1584 2271; x_wconf 89' lang='lat' dir='ltr'><strong>reipubl.</strong></span> <span class='ocrx_word' id='word_1_256' title='bbox 1605 2226 1723 2265; x_wconf 81' lang='lat' dir='ltr'><strong>statu,</strong></span> 
     </span>
     <span class='ocr_line' id='line_1_31' title="bbox 272 2279 1723 2333; baseline 0.001 -17"><span class='ocrx_word' id='word_1_257' title='bbox 272 2291 385 2328; x_wconf 85' lang='lat' dir='ltr'><strong>quam</strong></span> <span class='ocrx_word' id='word_1_258' title='bbox 402 2279 448 2317; x_wconf 90' lang='lat' dir='ltr'><strong>de</strong></span> <span class='ocrx_word' id='word_1_259' title='bbox 469 2292 586 2329; x_wconf 86' lang='lat' dir='ltr'><strong>regno</strong></span> <span class='ocrx_word' id='word_1_260' title='bbox 606 2283 748 2330; x_wconf 85' lang='lat' dir='ltr'><strong>optime</strong></span> <span class='ocrx_word' id='word_1_261' title='bbox 768 2283 1083 2328; x_wconf 79' lang='lat' dir='ltr'><strong>administrando,</strong></span> <span class='ocrx_word' id='word_1_262' title='bbox 1097 2290 1291 2333; x_wconf 67' lang='lat' dir='ltr'><strong>praecepta</strong></span> <span class='ocrx_word' id='word_1_263' title='bbox 1309 2282 1479 2320; x_wconf 81' lang='lat' dir='ltr'><strong>tradere:</strong></span> <span class='ocrx_word' id='word_1_264' title='bbox 1511 2295 1556 2319; x_wconf 88' lang='lat' dir='ltr'><strong>ac</strong></span> <span class='ocrx_word' id='word_1_265' title='bbox 1570 2280 1723 2319; x_wconf 78' lang='lat' dir='ltr'>facilius</span> 
     </span>
     <span class='ocr_line' id='line_1_32' title="bbox 273 2339 1727 2392; baseline 0.003 -18"><span class='ocrx_word' id='word_1_266' title='bbox 273 2339 352 2375; x_wconf 85' lang='lat' dir='ltr'><strong>illic</strong></span> <span class='ocrx_word' id='word_1_267' title='bbox 374 2351 488 2388; x_wconf 87' lang='lat' dir='ltr'><strong>quam</strong></span> <span class='ocrx_word' id='word_1_268' title='bbox 506 2339 565 2376; x_wconf 81' lang='lat' dir='ltr'><strong>hie</strong></span> <span class='ocrx_word' id='word_1_269' title='bbox 583 2342 862 2390; x_wconf 79' lang='lat' dir='ltr'><strong>praeceptiones</strong></span> <span class='ocrx_word' id='word_1_270' title='bbox 877 2343 960 2391; x_wconf 88' lang='lat' dir='ltr'><strong>ejus</strong></span> <span class='ocrx_word' id='word_1_271' title='bbox 983 2343 1099 2381; x_wconf 85' lang='lat' dir='ltr'><strong>fidem</strong></span> <span class='ocrx_word' id='word_1_272' title='bbox 1121 2356 1141 2381; x_wconf 84' lang='lat' dir='ltr'><strong>a</strong></span> <span class='ocrx_word' id='word_1_273' title='bbox 1163 2343 1374 2380; x_wconf 85' lang='lat' dir='ltr'><strong>lectoribus</strong></span> <span class='ocrx_word' id='word_1_274' title='bbox 1393 2343 1598 2392; x_wconf 85' lang='lat' dir='ltr'><strong>impetrare</strong></span> <span class='ocrx_word' id='word_1_275' title='bbox 1615 2349 1727 2392; x_wconf 86' lang='lat' dir='ltr'><strong>potu-</strong></span> 
     </span>
     <span class='ocr_line' id='line_1_33' title="bbox 272 2399 1723 2454; baseline 0.003 -19"><span class='ocrx_word' id='word_1_276' title='bbox 272 2399 358 2443; x_wconf 85' lang='lat' dir='ltr'>isse,</span> <span class='ocrx_word' id='word_1_277' title='bbox 381 2400 484 2449; x_wconf 89' lang='lat' dir='ltr'><strong>quod</strong></span> <span class='ocrx_word' id='word_1_278' title='bbox 509 2400 582 2437; x_wconf 89' lang='lat' dir='ltr'><strong>illic</strong></span> <span class='ocrx_word' id='word_1_279' title='bbox 604 2402 723 2439; x_wconf 87' lang='lat' dir='ltr'><strong>multo</strong></span> <span class='ocrx_word' id='word_1_280' title='bbox 746 2404 862 2453; x_wconf 78' lang='lat' dir='ltr'><strong>magis</strong></span> <span class='ocrx_word' id='word_1_281' title='bbox 884 2417 1000 2453; x_wconf 82' lang='lat' dir='ltr'><strong>quam</strong></span> <span class='ocrx_word' id='word_1_282' title='bbox 1022 2405 1085 2441; x_wconf 86' lang='lat' dir='ltr'><strong>hic</strong></span> <span class='ocrx_word' id='word_1_283' title='bbox 1110 2404 1251 2442; x_wconf 89' lang='lat' dir='ltr'><strong>ducem</strong></span> <span class='ocrx_word' id='word_1_284' title='bbox 1278 2404 1419 2441; x_wconf 82' lang='lat' dir='ltr'><strong>habere</strong></span> <span class='ocrx_word' id='word_1_285' title='bbox 1448 2403 1723 2454; x_wconf 80' lang='lat' dir='ltr'><strong>experientiam</strong></span> 
     </span>
     <span class='ocr_line' id='line_1_34' title="bbox 272 2464 1722 2516; baseline 0.003 -19"><span class='ocrx_word' id='word_1_286' title='bbox 272 2464 429 2510; x_wconf 84' lang='lat' dir='ltr'><strong>posset),</strong></span> <span class='ocrx_word' id='word_1_287' title='bbox 451 2468 528 2498; x_wconf 87' lang='lat' dir='ltr'><strong>tum</strong></span> <span class='ocrx_word' id='word_1_288' title='bbox 551 2464 762 2515; x_wconf 81' lang='lat' dir='ltr'><strong>veroquod</strong></span> <span class='ocrx_word' id='word_1_289' title='bbox 791 2478 811 2500; x_wconf 87' lang='lat' dir='ltr'><strong>a</strong></span> <span class='ocrx_word' id='word_1_290' title='bbox 842 2464 967 2502; x_wconf 88' lang='lat' dir='ltr'><strong>multis</strong></span> <span class='ocrx_word' id='word_1_291' title='bbox 995 2466 1147 2503; x_wconf 82' lang='lat' dir='ltr'><strong>Graecis</strong></span> <span class='ocrx_word' id='word_1_292' title='bbox 1178 2465 1433 2516; x_wconf 75' lang='lat' dir='ltr'>scriptoribus</span> <span class='ocrx_word' id='word_1_293' title='bbox 1462 2466 1529 2514; x_wconf 87' lang='lat' dir='ltr'><strong>qui</strong></span> <span class='ocrx_word' id='word_1_294' title='bbox 1559 2465 1722 2502; x_wconf 86' lang='lat' dir='ltr'><strong>aliorum</strong></span> 
     </span>
     <span class='ocr_line' id='line_1_35' title="bbox 274 2521 1723 2575; baseline 0.001 -16"><span class='ocrx_word' id='word_1_295' title='bbox 274 2521 388 2571; x_wconf 79' lang='lat' dir='ltr'>liujus</span> <span class='ocrx_word' id='word_1_296' title='bbox 409 2523 589 2561; x_wconf 87' lang='lat' dir='ltr'><strong>Isocratis</strong></span> <span class='ocrx_word' id='word_1_297' title='bbox 610 2523 794 2562; x_wconf 86' lang='lat' dir='ltr'><strong>librorum</strong></span> <span class='ocrx_word' id='word_1_298' title='bbox 817 2528 1046 2563; x_wconf 82' lang='lat' dir='ltr'><strong>mentionem</strong></span> <span class='ocrx_word' id='word_1_299' title='bbox 1069 2526 1231 2572; x_wconf 86' lang='lat' dir='ltr'><strong>faciunt,</strong></span> <span class='ocrx_word' id='word_1_300' title='bbox 1252 2527 1393 2564; x_wconf 86' lang='lat' dir='ltr'><strong>nullam</strong></span> <span class='ocrx_word' id='word_1_301' title='bbox 1423 2526 1539 2575; x_wconf 83' lang='lat' dir='ltr'>hujus</span> <span class='ocrx_word' id='word_1_302' title='bbox 1562 2524 1644 2562; x_wconf 86' lang='lat' dir='ltr'><strong>fieri</strong></span> <span class='ocrx_word' id='word_1_303' title='bbox 1666 2524 1723 2561; x_wconf 87' lang='lat' dir='ltr'>vi-</span> 
     </span>
     <span class='ocr_line' id='line_1_36' title="bbox 273 2584 1721 2636; baseline 0.001 -17"><span class='ocrx_word' id='word_1_304' title='bbox 273 2584 422 2620; x_wconf 87' lang='lat' dir='ltr'><strong>derent.</strong></span> <span class='ocrx_word' id='word_1_305' title='bbox 461 2585 542 2633; x_wconf 82' lang='lat' dir='ltr'><strong>Ego</strong></span> <span class='ocrx_word' id='word_1_306' title='bbox 560 2598 662 2630; x_wconf 89' lang='lat' dir='ltr'><strong>vero,</strong></span> <span class='ocrx_word' id='word_1_307' title='bbox 678 2586 781 2634; x_wconf 91' lang='lat' dir='ltr'><strong>quod</strong></span> <span class='ocrx_word' id='word_1_308' title='bbox 799 2586 845 2623; x_wconf 81' lang='lat' dir='ltr'><strong>ad</strong></span> <span class='ocrx_word' id='word_1_309' title='bbox 865 2588 1030 2636; x_wconf 77' lang='lat' dir='ltr'><strong>priorem</strong></span> <span class='ocrx_word' id='word_1_310' title='bbox 1047 2588 1149 2625; x_wconf 81' lang='lat' dir='ltr'><strong>illam</strong></span> <span class='ocrx_word' id='word_1_311' title='bbox 1167 2587 1430 2635; x_wconf 86' lang='lat' dir='ltr'><strong>objectionem</strong></span> <span class='ocrx_word' id='word_1_312' title='bbox 1447 2587 1598 2631; x_wconf 80' lang='lat' dir='ltr'><strong>attinet,</strong></span> <span class='ocrx_word' id='word_1_313' title='bbox 1615 2585 1721 2635; x_wconf 84' lang='lat' dir='ltr'><strong>parvi</strong></span> 
     </span>
     <span class='ocr_line' id='line_1_37' title="bbox 273 2645 1722 2698; baseline 0.002 -18"><span class='ocrx_word' id='word_1_314' title='bbox 273 2656 356 2680; x_wconf 87' lang='lat' dir='ltr'><strong>eam</strong></span> <span class='ocrx_word' id='word_1_315' title='bbox 377 2658 459 2682; x_wconf 88' lang='lat' dir='ltr'><strong>esse</strong></span> <span class='ocrx_word' id='word_1_316' title='bbox 482 2645 664 2694; x_wconf 87' lang='lat' dir='ltr'><strong>ponderis</strong></span> <span class='ocrx_word' id='word_1_317' title='bbox 682 2647 858 2684; x_wconf 87' lang='lat' dir='ltr'><strong>existimo</strong></span> <span class='ocrx_word' id='word_1_318' title='bbox 879 2661 957 2697; x_wconf 87' lang='lat' dir='ltr'><strong>prae</strong></span> <span class='ocrx_word' id='word_1_319' title='bbox 980 2650 1050 2686; x_wconf 81' lang='lat' dir='ltr'><strong>hac</strong></span> <span class='ocrx_word' id='word_1_320' title='bbox 1076 2661 1165 2698; x_wconf 89' lang='lat' dir='ltr'><strong>quae</strong></span> <span class='ocrx_word' id='word_1_321' title='bbox 1186 2648 1313 2686; x_wconf 80' lang='lat' dir='ltr'><strong>afferri</strong></span> <span class='ocrx_word' id='word_1_322' title='bbox 1335 2653 1486 2698; x_wconf 87' lang='lat' dir='ltr'><strong>posset:</strong></span> <span class='ocrx_word' id='word_1_323' title='bbox 1518 2646 1663 2684; x_wconf 91' lang='lat' dir='ltr'><strong>homini</strong></span> <span class='ocrx_word' id='word_1_324' title='bbox 1682 2653 1722 2683; x_wconf 88' lang='lat' dir='ltr'><strong>et</strong></span> 
     </span>
     <span class='ocr_line' id='line_1_38' title="bbox 272 2705 1727 2752; baseline 0.002 -11"><span class='ocrx_word' id='word_1_325' title='bbox 272 2706 311 2742; x_wconf 89' lang='lat' dir='ltr'><strong>in</strong></span> <span class='ocrx_word' id='word_1_326' title='bbox 332 2705 563 2743; x_wconf 84' lang='lat' dir='ltr'><strong>democratia</strong></span> <span class='ocrx_word' id='word_1_327' title='bbox 585 2714 689 2752; x_wconf 85' lang='lat' dir='ltr'><strong>nato,</strong></span> <span class='ocrx_word' id='word_1_328' title='bbox 710 2715 747 2745; x_wconf 90' lang='lat' dir='ltr'><strong>et</strong></span> <span class='ocrx_word' id='word_1_329' title='bbox 768 2708 1041 2746; x_wconf 77' lang='lat' dir='ltr'><strong>democratiam</strong></span> <span class='ocrx_word' id='word_1_330' title='bbox 1063 2708 1219 2747; x_wconf 82' lang='lat' dir='ltr'><strong>mirifice</strong></span> <span class='ocrx_word' id='word_1_331' title='bbox 1241 2709 1398 2747; x_wconf 84' lang='lat' dir='ltr'><strong>laudare</strong></span> <span class='ocrx_word' id='word_1_332' title='bbox 1419 2708 1548 2752; x_wconf 86' lang='lat' dir='ltr'><strong>solito,</strong></span> <span class='ocrx_word' id='word_1_333' title='bbox 1571 2720 1648 2744; x_wconf 87' lang='lat' dir='ltr'><strong>non</strong></span> <span class='ocrx_word' id='word_1_334' title='bbox 1669 2720 1727 2744; x_wconf 91' lang='lat' dir='ltr'>so-</span> 
     </span>
     <span class='ocr_line' id='line_1_39' title="bbox 275 2765 1724 2808; baseline 0.001 -6"><span class='ocrx_word' id='word_1_335' title='bbox 275 2765 351 2802; x_wconf 90' lang='lat' dir='ltr'><strong>lnm</strong></span> <span class='ocrx_word' id='word_1_336' title='bbox 374 2766 553 2804; x_wconf 79' lang='lat' dir='ltr'><strong>indecens</strong></span> <span class='ocrx_word' id='word_1_337' title='bbox 582 2768 646 2805; x_wconf 87' lang='lat' dir='ltr'><strong>sed</strong></span> <span class='ocrx_word' id='word_1_338' title='bbox 677 2769 738 2804; x_wconf 83' lang='lat' dir='ltr'><strong>vix</strong></span> <span class='ocrx_word' id='word_1_339' title='bbox 769 2769 881 2806; x_wconf 86' lang='lat' dir='ltr'><strong>etiam</strong></span> <span class='ocrx_word' id='word_1_340' title='bbox 912 2769 968 2806; x_wconf 79' lang='lat' dir='ltr'><strong>fas</strong></span> <span class='ocrx_word' id='word_1_341' title='bbox 995 2784 1076 2808; x_wconf 86' lang='lat' dir='ltr'><strong>esse</strong></span> <span class='ocrx_word' id='word_1_342' title='bbox 1107 2770 1225 2808; x_wconf 90' lang='lat' dir='ltr'><strong>tantis</strong></span> <span class='ocrx_word' id='word_1_343' title='bbox 1255 2768 1516 2807; x_wconf 86' lang='lat' dir='ltr'><strong>monarchiam</strong></span> <span class='ocrx_word' id='word_1_344' title='bbox 1546 2767 1724 2805; x_wconf 85' lang='lat' dir='ltr'>laudibus</span> 
     </span>
     <span class='ocr_line' id='line_1_40' title="bbox 273 2827 1726 2878; baseline 0.001 -14"><span class='ocrx_word' id='word_1_345' title='bbox 273 2827 470 2873; x_wconf 84' lang='lat' dir='ltr'><strong>extollere,</strong></span> <span class='ocrx_word' id='word_1_346' title='bbox 491 2841 630 2878; x_wconf 87' lang='lat' dir='ltr'><strong>easque</strong></span> <span class='ocrx_word' id='word_1_347' title='bbox 653 2829 846 2867; x_wconf 82' lang='lat' dir='ltr'><strong>literarum</strong></span> <span class='ocrx_word' id='word_1_348' title='bbox 868 2833 1120 2869; x_wconf 86' lang='lat' dir='ltr'><strong>monumentis</strong></span> <span class='ocrx_word' id='word_1_349' title='bbox 1141 2831 1337 2868; x_wconf 82' lang='lat' dir='ltr'><strong>mandare.</strong></span> <span class='ocrx_word' id='word_1_350' title='bbox 1405 2829 1628 2873; x_wconf 79' lang='lat' dir='ltr'><strong>Quinetiam</strong></span> <span class='ocrx_word' id='word_1_351' title='bbox 1651 2841 1726 2865; x_wconf 80' lang='lat' dir='ltr'><strong>ina-</strong></span> 
     </span>
     <span class='ocr_line' id='line_1_41' title="bbox 266 2887 1722 2941; baseline 0.001 -18"><span class='ocrx_word' id='word_1_352' title='bbox 266 2887 364 2934; x_wconf 87' lang='lat' dir='ltr'>joris</span> <span class='ocrx_word' id='word_1_353' title='bbox 386 2888 456 2925; x_wconf 83' lang='lat' dir='ltr'><strong>ista</strong></span> <span class='ocrx_word' id='word_1_354' title='bbox 481 2888 652 2937; x_wconf 89' lang='lat' dir='ltr'><strong>objectio</strong></span> <span class='ocrx_word' id='word_1_355' title='bbox 675 2890 854 2939; x_wconf 87' lang='lat' dir='ltr'><strong>ponderis</strong></span> <span class='ocrx_word' id='word_1_356' title='bbox 882 2900 994 2936; x_wconf 83' lang='lat' dir='ltr'><strong>esset,</strong></span> <span class='ocrx_word' id='word_1_357' title='bbox 1019 2891 1199 2941; x_wconf 85' lang='lat' dir='ltr'><strong>ponderis</strong></span> <span class='ocrx_word' id='word_1_358' title='bbox 1219 2895 1278 2939; x_wconf 86' lang='lat' dir='ltr'><strong>(ut</strong></span> <span class='ocrx_word' id='word_1_359' title='bbox 1305 2890 1459 2941; x_wconf 84' lang='lat' dir='ltr'><strong>opinor)</strong></span> <span class='ocrx_word' id='word_1_360' title='bbox 1479 2894 1593 2934; x_wconf 90' lang='lat' dir='ltr'><strong>esset,</strong></span> <span class='ocrx_word' id='word_1_361' title='bbox 1615 2889 1722 2938; x_wconf 88' lang='lat' dir='ltr'><strong>quod</strong></span> 
     </span>
     <span class='ocr_line' id='line_1_42' title="bbox 273 2946 1726 3004; baseline 0.002 -20"><span class='ocrx_word' id='word_1_362' title='bbox 273 2949 452 2987; x_wconf 85' lang='lat' dir='ltr'><strong>orationis</strong></span> <span class='ocrx_word' id='word_1_363' title='bbox 473 2963 560 2999; x_wconf 82' lang='lat' dir='ltr'><strong>quae</strong></span> <span class='ocrx_word' id='word_1_364' title='bbox 582 2950 764 2988; x_wconf 90' lang='lat' dir='ltr'><strong>Nicocles</strong></span> <span class='ocrx_word' id='word_1_365' title='bbox 784 2960 944 2990; x_wconf 83' lang='lat' dir='ltr'><strong>vocatur</strong></span> <span class='ocrx_word' id='word_1_366' title='bbox 966 2946 1220 3004; x_wconf 85' lang='lat' dir='ltr'><strong>repugnantia</strong></span> <span class='ocrx_word' id='word_1_367' title='bbox 1247 2951 1427 3001; x_wconf 68' lang='lat' dir='ltr'><strong>quaedam</strong></span> <span class='ocrx_word' id='word_1_368' title='bbox 1458 2949 1726 3000; x_wconf 84' lang='lat' dir='ltr'><strong>loquanturiis</strong></span> 
     </span>
    </p>
   </div>
  </div>
 </body>
</html>
