1924 3314
452 226 534 267 DE
563 225 857 268 TEMPORE
889 224 1282 267 PANEGYmcl.
1510 227 1586 268 157
1639 210 1645 213 ’

150 341 200 379 ab
230 329 314 391 ipso
347 341 516 379 Isocrate
547 342 625 387 edi,
657 354 704 380 ac
741 341 946 393 posteriori
973 340 1186 379 recensioni
1224 340 1357 392 adjici,
1397 352 1484 391 quae
1508 346 1598 391 post

150 403 316 454 priorem
345 402 551 440 editionem
584 403 688 442 facta
718 409 870 442 essent:
900 403 932 440 is
966 402 1171 453 diligenter
1193 402 1352 452 cogitet,
1383 402 1491 451 argui
1520 401 1597 440 hoc

152 463 268 500 inodo
288 464 494 501 Isocratem
516 464 753 502 incredibilis
772 463 1028 514 negligentiae,
1051 463 1132 513 qui,
1154 475 1240 500 cum
1262 462 1446 512 temporis
1474 462 1599 513 spatia

153 524 333 562 voluisset
352 524 570 570 extendere,
591 539 612 562 e
638 525 755 575 priori
776 525 945 562 editione
965 525 1031 571 ἤδη
1051 525 1086 571 ἓξ
1109 524 1170 570 ’ἐτη
1192 523 1363 573 servarit,
1383 523 1492 574 quasi
1521 536 1597 561 non

152 585 372 635 protulisset
398 586 581 635 temporis
602 585 710 632 fines,
731 592 768 624 et
793 600 852 624 res
882 586 1116 624 confuderit.
1185 585 1322 637 Neque
1344 585 1441 623 hanc
1463 585 1598 635 conje-

153 655 297 684 cturam
318 648 366 684 de
386 647 532 697 duplici
551 647 720 686 editione
735 648 927 698 adjuverit
953 649 1075 695 locus,
1095 648 1144 687 de
1161 661 1239 698 quo
1259 647 1306 685 ad
1328 659 1414 698 cap.
1436 650 1501 684 14.
1520 651 1599 684 not·

156 708 335 746 nonnulla
355 708 503 759 scripsi.

669 805 1085 843 COROLLARIUM.

210 883 307 919 Haec
342 882 459 930 igitur
483 882 532 919 de
562 888 677 920 aetate
713 883 930 920 definienda
960 883 1095 919 Morus
1125 883 1299 927 censuit;
1342 895 1459 932 quum
1487 889 1599 920 antea

155 943 379 980 excitaverit
400 949 558 988 tantum,
581 956 667 993 quae
689 956 817 980 secum
845 950 1028 993 pugnent,
1053 956 1178 992 neque
1199 956 1287 980 vero
1313 943 1445 980 eadem
1466 956 1598 981 recon-

155 1003 352 1048 ciliaverit,
374 1003 410 1040 in
427 1003 471 1040 iis
489 1003 735 1051 acquiescere
751 1016 863 1041 nemo
884 1011 1027 1054 potest.
1083 1004 1129 1041 C.
1146 1005 1202 1041 M.
1219 1004 1455 1050 Wielandus,
1475 1005 1541 1054 qui
1561 1004 1599 1041 in

155 1063 286 1101 Musei
306 1063 427 1101 Attici
455 1064 646 1102 volumine
667 1065 700 1103 I.
721 1072 822 1115 part.
844 1066 876 1103 Ι.
897 1066 1015 1105 1796.
1035 1067 1248 1104 versionem
1280 1065 1395 1114 hujus
1417 1065 1601 1103 orationis

155 1124 276 1170 dedit,
296 1124 333 1162 in
354 1125 580 1175 praefatione
608 1126 707 1164 hanc
727 1126 840 1163 etiam
864 1127 1117 1176 quaestionem
1151 1127 1200 1165 de
1231 1140 1347 1172 anno,
1368 1140 1446 1176 quo
1473 1126 1600 1164 editus

154 1188 204 1226 sit
240 1188 497 1238 Panegyricus
531 1201 570 1238 p.
593 1189 643 1226 X.
664 1210 715 1217 —
739 1188 869 1225 XVII.
890 1188 1027 1238 tetigit.
1096 1189 1195 1232 Quae
1227 1189 1281 1225 ibi
1314 1187 1526 1239 disputavit
1555 1201 1601 1225 eo

155 1248 330 1296 redeunt,
352 1257 405 1295 ut,
426 1262 544 1299 quum
565 1249 642 1287 duo
663 1257 887 1300 argumenta
907 1250 1062 1300 paribus
1084 1251 1156 1287 sibi
1173 1250 1430 1288 adversentur
1444 1249 1602 1296 viribus,

155 1324 318 1362 quorum
341 1312 415 1350 boc
436 1312 663 1363 comprobet
691 1312 904 1350 orationem
931 1311 1037 1350 haud
1054 1314 1177 1351 serius
1199 1326 1280 1351 esse
1306 1313 1462 1358 editam,
1485 1324 1603 1362 quam

155 1372 310 1411 ineunte
343 1373 575 1425 Olympiade
607 1373 796 1411 XCVIII.
825 1374 920 1411 illud
941 1380 1067 1412 autem
1096 1374 1236 1412 doceat
1261 1373 1367 1412 haud
1383 1374 1501 1424 prius
1520 1386 1602 1411 esse

156 1434 312 1480 editam,
333 1448 446 1485 quam
477 1440 641 1473 exeunte
673 1435 824 1473 XCIX.
845 1441 971 1473 sumat
990 1436 1198 1474 Isocratem
1224 1442 1303 1473 tam
1322 1435 1390 1473 diu
1411 1441 1601 1473 versatum

156 1511 239 1536 esse
266 1498 305 1535 in
336 1498 575 1549 Panegyrico
604 1497 841 1536 elaborando
870 1504 909 1536 et
938 1498 1209 1549 perpoliendo,
1228 1505 1272 1536 ut.
1291 1499 1438 1536 interea
1458 1497 1602 1535 bellum

157 1559 340 1609 Cyprium
371 1559 536 1604 finitum,
555 1566 594 1596 et
622 1559 819 1610 expeditio
851 1559 1231 1598 Lacedaemoniorum
1262 1559 1447 1597 adversus
1481 1559 1604 1610 Olyn-

158 1621 259 1658 thios
287 1628 463 1670 suscepta
494 1619 622 1658 suerit.
692 1621 971 1658 Recensionem
1004 1621 1200 1671 duplicem
1231 1621 1486 1659 necessariam
1519 1634 1602 1659 esse

158 1688 286 1732 negat,
307 1688 344 1720 et
360 1683 471 1720 verba
485 1682 550 1729 ἤδη
564 1683 599 1729 ἓξ
610 1681 671 1728 ’ἐτη
686 1682 733 1719 de
753 1681 942 1719 industria
956 1695 1031 1720 non
1051 1690 1199 1721 mutata
1214 1682 1455 1730 remansisse,
1470 1695 1598 1732 neque

158 1756 247 1781 vero
264 1744 317 1794 ob
338 1743 522 1781 incuriam
545 1744 679 1781 relicta
711 1757 794 1781 esse
826 1743 998 1789 affirmat,
1025 1757 1142 1794 quum
1177 1743 1414 1781 orationibus
1446 1757 1491 1781 ex
1520 1744 1603 1793 ipsa

158 1804 339 1842 Isocratis
357 1805 544 1842 sententia
560 1812 598 1842 et
616 1805 664 1842 ad
686 1805 858 1854 ejusdem
881 1805 1095 1855 exemplum
1126 1805 1241 1843 liceat
1271 1805 1462 1843 interdum
1485 1818 1507 1843 a
1527 1804 1604 1843 fide

157 1872 197 1904 et
217 1867 371 1904 veritate
391 1866 572 1904 historica
589 1867 785 1911 recedere,
801 1866 871 1904 cfr.
894 1867 1104 1904 Panathen.
1125 1880 1160 1905 c.
1181 1870 1245 1907 71.
1267 1867 1366 1905 hanc
1384 1880 1474 1904 vero
1488 1865 1605 1904 fidem

158 1933 266 1964 tanto
294 1927 443 1965 facilius
472 1928 521 1964 ab
549 1928 613 1965 illo
643 1928 782 1978 negligi
812 1928 984 1978 potuisse
1003 1934 1148 1975 censet,
1171 1934 1318 1978 quanto
1347 1928 1471 1978 major
1490 1927 1605 1966 fuerit

158 1989 463 2035 Atheniensium,
485 1989 597 2040 longe
617 1989 690 2027 alia
711 1990 941 2036 curantium,
963 1990 1109 2028 levitas.

211 2050 341 2093 Quum
364 2058 450 2100 post
471 2051 539 2088 has
561 2051 752 2088 Wielandi
773 2064 899 2096 curas,
924 2051 989 2102 qui
1011 2051 1110 2089 hanc
1131 2064 1208 2089 rem
1231 2052 1464 2098 tractaverit,
1484 2052 1602 2089 nemi-

159 2124 243 2149 nem
265 2112 436 2150 noverim
454 2113 637 2162 (Langius
655 2113 755 2150 enim
775 2115 812 2151 in
834 2113 1005 2151 versione
1026 2113 1231 2151 vernacula
1252 2113 1492 2163 Panegyrici,
1513 2126 1601 2164 quae

159 2177 277 2214 1797.
298 2174 443 2223 prodiit
470 2187 510 2225 p.
532 2178 596 2212 14.
619 2188 726 2225 paene
749 2173 848 2213 idem
872 2175 982 2222 dicit,
1004 2175 1061 2213 his
1080 2175 1227 2213 verbis:
1257 2175 1390 2223 quidni
1411 2188 1601 2213 sumamus

159 2250 245 2276 eum
267 2244 342 2275 tarn
359 2238 425 2276 diu
445 2239 544 2276 hanc
564 2239 778 2277 orationem
798 2239 1010 2286 retinuisse,
1026 2246 1065 2276 ut
1085 2238 1133 2276 de
1155 2239 1269 2276 rebus
1288 2237 1407 2289 gestis
1420 2245 1457 2276 et
1472 2238 1603 2289 priori-

160 2299 230 2337 bus
250 2306 290 2337 et
309 2300 588 2350 posterioribus
605 2307 787 2351 tanquam
808 2300 857 2338 de
877 2300 1132 2351 praesentibus
1149 2306 1280 2350 posset
1299 2299 1407 2350 loqui
1420 2302 1464 2348 3),
1493 2300 1602 2351 equi-

159 2360 247 2399 dem
280 2360 342 2398 hic
374 2362 600 2399 sententiam
623 2375 814 2412 apponam
845 2362 902 2401 Io.
923 2364 1023 2412 Aug.
1045 2361 1264 2399 Godofredi
1293 2360 1601 2411 Rostii‚juvenis

159 2422 266 2460 docti
282 2429 320 2460 et
339 2422 377 2459 in
397 2423 515 2460 literis
532 2424 685 2477 Graecis
705 2424 850 2474 optime
871 2423 1027 2461 versati.
1066 2422 1236 2461 Dederat
1253 2423 1314 2460 hic
1334 2436 1417 2461 eam
1434 2423 1601 2461 Godofr.

160 2486 282 2524 Henr.
298 2486 520 2530 Scbaefer0‚
539 2486 621 2524 viro
641 2486 848 2536 probitate,
870 2486 1046 2524 doctrina
1069 2491 1107 2523 et
1136 2485 1349 2523 eruditione
1368 2487 1511 2536 pariter
1529 2485 1606 2523 exi-

162 2547 251 2592 mio,
273 2554 328 2593 ut,
355 2547 385 2583 si
416 2560 493 2597 qua
524 2547 614 2585 data
644 2547 759 2586 fuerit
788 2548 956 2593 occasio,
987 2547 1139 2597 publice
1166 2553 1416 2598 proponeret,
1443 2546 1509 2597 qui
1538 2547 1605 2584 ubi

161 2622 270 2647 novae
288 2608 469 2646 editionis
488 2609 668 2658 parandae
685 2622 814 2647 curam
837 2610 926 2646 mihi
943 2609 1121 2647 traditam
1138 2622 1221 2647 esse
1240 2615 1498 2659 compererat,
1516 2621 1605 2658 quae

161 2677 218 2707 est
246 2669 342 2719 ejus,
364 2683 441 2719 qua
467 2684 525 2708 me
553 2677 676 2716 ornat,
707 2671 987 2718 benevolentia,
1008 2683 1155 2708 mecum
1184 2684 1264 2709 eam
1295 2670 1605 2709 communicavit.

163 2731 293 2769 Habet
313 2744 352 2768 se
372 2731 424 2769 ita
440 2746 449 2770 ε

492 2817 563 2854 DE
592 2817 875 2854 ISOCRATIS
905 2816 1276 2854 PANEGYRICO.

216 2897 238 2913 “
260 2893 398 2944 Neque
420 2894 534 2932 Moro
555 2907 681 2944 neque
701 2894 904 2933 wielando
932 2895 969 2932 in
989 2894 1048 2940 iis,
1070 2908 1157 2945 quae
1178 2894 1226 2932 de
1250 2894 1488 2945 Panegyrico
1510 2894 1602 2932 scri-

166 2960 332 3001 pserunt,
344 2955 544 2994 assentior.
583 2957 720 2994 Morus
734 2956 849 3002 enim,
864 2956 976 3006 cujus
989 2957 1106 2995 solius
1122 2957 1429 2995 dissertationem
1445 2955 1603 2994 editioni

168 3014 390 3068 Panegyrici
406 3018 454 3056 ab
471 3017 553 3068 ipso
573 3025 715 3057 curatae
735 3018 970 3069 praemissam
986 3019 1069 3057 haec
1086 3019 1255 3057 scribens
1271 3019 1322 3056 ob
1338 3017 1472 3055 oculos
1487 3017 1602 3054 liabe-
