1924 3314
511 213 576 254 IN
609 212 966 257 ISOCRATEM
1000 210 1325 253 DIATRIBAE.
1586 210 1639 250 33

177 322 359 371 locorum,
376 323 623 362 scribendum
645 326 706 372 sit,
721 326 975 363 communium
990 329 1162 362 tractatu
1179 324 1369 360 locorum:
1391 322 1507 359 immo
1524 333 1569 358 ue
1588 320 1637 359 de

181 386 257 424 hoc
270 386 428 436 quidem
446 385 701 424 dubitandum
718 393 830 437 puto,
845 386 937 436 quin
960 386 1048 423 mihi
1069 385 1116 422 de
1134 385 1206 421 hac
1221 382 1489 421 emendatione
1504 394 1637 419 omnes

180 447 257 485 sint
276 447 490 484 assensuri:
520 448 737 497 praesertim
762 461 878 496 quum
906 454 946 484 et
971 446 1064 484 alibi
1090 447 1163 482 hoc
1191 444 1375 494 loquendi
1396 456 1534 491 genere
1555 449 1638 479 uta-

179 514 265 545 tur:
296 512 321 529 “
342 507 525 543 Tractare
550 508 659 544 locos
687 507 949 544 communes.'’
1004 507 1150 544 Verum
1179 513 1267 542 sunt
1291 503 1395 554 apud
1422 504 1525 540 hunc
1550 516 1638 540 ora-

177 573 302 606 torem
323 567 517 604 nonnullae
545 567 661 604 etiam
681 567 989 612 dissertationes,
1010 580 1099 616 quae
1129 578 1248 615 quum
1269 571 1308 601 et
1333 563 1430 613 ipsae
1450 576 1520 612 pro
1543 563 1640 600 locis

177 628 447 666 communibus
467 628 600 665 haberi
629 629 777 677 possint
803 631 862 677 (ut
883 634 1018 678 postea
1040 627 1155 664 latius
1174 626 1349 663 locorum
1377 623 1637 661 communium

175 689 386 739 appellatio
406 695 559 726 extenta
582 689 686 736 fuit),
708 696 833 727 tamen
856 690 893 726 in
911 690 984 726 illis
996 676 1053 726 vel
1075 688 1204 736 potius
1225 687 1273 724 de
1290 686 1367 723 illis
1386 687 1495 733 λόγοι
1516 685 1635 735 ἐπαμ-

175 752 423 801 φοτερίζοντες
443 751 568 787 locum
590 751 722 788 itidem
745 764 821 787 non
841 750 999 788 habent.
1058 748 1286 798 Exemplum
1305 747 1452 795 insigne
1472 746 1510 783 in
1532 747 1637 796 prin-

198 810 280 860 ipio
299 811 472 847 Nicoclis
496 811 682 847 habemus
710 814 740 856 ξ.
761 809 808 856 β.
833 812 936 846 ἀλλὰ
962 813 1036 859 γάρ
1057 813 1098 846 οὒ
1119 810 1271 854 δίκαιον,
1291 809 1363 845 οὐδ’
1384 808 1416 848 εἴ
1435 824 1533 851 τινες
1553 809 1637 850 τοὺς

172 872 422 914 ἀπαντῶντας
440 876 622 916 τύπτοιεν,
639 881 704 916 τῆς
729 873 853 921 ῥώμης
881 875 1114 921 κατηγορεῖν,
1137 870 1221 907 οὐδὲ
1241 871 1327 912 τοὺς
1348 870 1639 911 ἀποκτιννύντας

174 936 242 977 τὴν
259 932 648 982 ἀνδρείανᾎοιδορεῖν·
670 931 748 968 οὔθ’
768 932 863 974 ὅλως
882 934 949 976 τὴν
967 939 1038 969 τῶν
1059 930 1268 981 εἰν-ἓρώπων
1296 935 1484 980 πονηρίαν
1506 930 1566 966 ἐπὶ
1592 933 1640 966 ταὶ

173 993 384 1043 πράγματα
403 995 632 1043 μεταφέρειν.
692 993 781 1029 Huc
801 1001 930 1029 autem
952 993 1118 1042 pertinet
1142 992 1214 1029 iste
1230 992 1346 1029 etiarn
1365 990 1643 1029 Panathenaici

174 1053 308 1092 locus:
350 1055 549 1092 Existimo
581 1054 682 1090 enim
713 1053 897 1090 neminem
918 1066 1006 1098 esse,
1043 1054 1110 1103 qui
1142 1065 1220 1090 non
1241 1052 1428 1102 fassurus
1461 1053 1529 1098 sit,
1555 1064 1640 1101 pes-

173 1115 289 1152 simos
309 1117 542 1166 gravissimo
561 1113 751 1164 supplicio
775 1113 920 1164 dignos
939 1126 1015 1151 esse
1039 1114 1108 1163 qui
1130 1113 1244 1151 rebus
1263 1126 1349 1164 quae
1372 1113 1425 1151 ad
1443 1113 1639 1150 hominum

176 1176 391 1214 utilitatem
411 1177 581 1213 inventae
600 1178 706 1219 sunt,
727 1173 781 1212 ad
795 1187 924 1211 eorum
938 1175 1149 1224 perniciem
1163 1178 1346 1211 utuntur.
1391 1174 1455 1212 Sic
1476 1174 1639 1210 Aristot.

175 1236 340 1275 Rhetor.
362 1238 430 1275 lib.
454 1238 478 1277 i.
501 1238 531 1278 εἰ
552 1237 591 1275 δὲ
615 1236 669 1274 ὅτι
694 1236 845 1286 μεγάλα
869 1235 1055 1285 βλάψειεν
1087 1234 1134 1273 ἂν
1160 1237 1178 1272 ὁ
1207 1237 1398 1286 χρώμενος
1429 1235 1562 1277 ἀδίκως
1595 1237 1639 1288 τῇ

177 1301 327 1352 τοιαύτῃ
343 1299 495 1350 δυνάμει
509 1307 582 1338 τῶν
596 1299 738 1345 λόγων,
755 1299 861 1335 τοῦτό
878 1313 922 1345 γε
943 1298 1065 1334 κοινόν
1081 1297 1158 1334 ἐστι
1176 1300 1268 1334 κατά
1284 1297 1436 1335 πάντων
1450 1303 1523 1334 τῶν
1543 1298 1640 1344 α’·γα-

175 1357 268 1405 θῶν,
289 1362 389 1405 πλὴν
408 1363 552 1410 ἀρετῆς·
575 1362 633 1397 καὶ
651 1357 823 1411 μα’λιστα
848 1361 940 1397 κατὰ
960 1366 1030 1396 τῶν
1050 1359 1358 1409 χρησιμωτάτων,
1379 1356 1470 1402 οἷον,
1494 1361 1640 1408 ἰσχύος,

173 1421 335 1469 ὑγιείας,
349 1423 525 1469 πλούτου,
545 1427 789 1475 στρατηγίας.
806 1425 950 1464 τούτοις
969 1424 1046 1470 γάρ
1062 1421 1113 1458 ἅν
1128 1437 1182 1463 τις
1195 1423 1390 1473 ὠφελήσειε
1403 1424 1449 1458 τά
1466 1422 1639 1470 μέγιστα,

175 1486 367 1535 χρώμενος
389 1485 552 1532 δικαίως,
574 1487 632 1523 καὶ
647 1484 852 1534 βλάψειεν,
874 1485 1020 1527 ἀδίκως.
1079 1484 1266 1527 Quamvis
1286 1490 1414 1521 autem
1436 1483 1498 1520 hic
1520 1482 1640 1520 virtu-

177 1552 257 1584 tem
278 1547 459 1597 excipiat,
475 1555 604 1586 tamen
627 1549 659 1586 si
679 1547 950 1585 admitteretur
971 1547 1064 1584 illud
1087 1546 1192 1596 quod
1215 1553 1327 1584 antea
1346 1558 1392 1583 ex
1413 1546 1487 1582 hoc
1507 1551 1641 1582 nostro

183 1614 339 1646 oratore
361 1609 488 1655 attuli,
510 1623 593 1646 eam
615 1609 653 1647 in
675 1599 862 1658 improbis
883 1622 1042 1658 quoqne
1063 1608 1192 1646 locum
1215 1608 1372 1653 habere,
1393 1606 1500 1644 nullo
1522 1605 1642 1643 modo

176 1686 225 1711 ne
252 1673 337 1724 ipsa
356 1673 518 1723 quidem
543 1674 671 1724 excipi
697 1679 843 1723 posset.
904 1673 1034 1720 Atque
1056 1671 1156 1708 adeo
1179 1670 1394 1708 audivimus
1416 1669 1498 1718 jam
1520 1668 1641 1714 illum,

176 1735 277 1773 inter
295 1736 369 1773 alia
386 1737 560 1786 exempla
581 1736 698 1773 etiam
720 1736 760 1773 τὸ
778 1744 843 1780 τῆς
863 1734 1037 1784 ἀνδρείας
1058 1733 1296 1770 afferentem.
1335 1733 1385 1768 Et
1406 1744 1495 1768 vero
1514 1730 1572 1768 his
1591 1730 1642 1767 de

177 1796 294 1834 rebus
316 1797 450 1835 liceret
471 1797 791 1848 ἐπαμφοτερίζειν,
811 1808 888 1832 non
907 1796 1033 1831 minus
1054 1807 1171 1844 quarn
1193 1793 1242 1830 de
1264 1793 1338 1829 illis
1361 1805 1449 1841 quae
1471 1797 1641 1829 tractan-

176 1863 241 1896 tur
255 1871 326 1908 per
339 1858 448 1896 locos
465 1858 549 1895 illos
566 1858 634 1908 qui
651 1857 807 1908 proprie
827 1869 1053 1894 communes
1073 1855 1334 1905 appellantur,
1350 1854 1380 1890 si
1397 1851 1639 1890 Carneadem

176 1919 319 1958 imitari
335 1920 420 1969 quis
436 1919 565 1957 vellet.
623 1920 662 1956 Is
683 1919 785 1956 enim
805 1922 865 1966 (ut
882 1917 1022 1954 Fabius
1042 1916 1177 1963 refert)
1192 1916 1328 1952 Romae
1349 1915 1531 1951 audiente
1551 1926 1642 1950 cen-

178 1981 282 2018 sorio
305 1981 457 2018 Catone
481 1994 557 2017 non
581 1980 798 2018 minoribus
818 1979 965 2016 viribus
985 1984 1119 2015 contra
1133 1975 1329 2025 justitiam
1355 1974 1501 2012 dicitur
1521 1973 1641 2010 disse-

179 2042 302 2080 ruisse
323 2054 439 2092 quam
465 2042 590 2092 pridie
618 2054 690 2091 pro
711 2040 866 2090 justitia
891 2039 1054 2076 dixerat,
1111 2038 1181 2075 Est
1207 2042 1335 2073 autem
1366 2035 1428 2072 hic
1456 2035 1566 2071 locus
1594 2045 1641 2070 ex

177 2116 310 2141 eorum
341 2115 500 2140 numero
530 2115 628 2152 quos
654 2107 781 2152 poetae
813 2113 969 2150 quoque
999 2098 1192 2137 interdum
1225 2096 1452 2134 tractandos
1479 2095 1554 2132 sibi
1583 2106 1646 2131 su-

178 2172 312 2208 munt3
342 2171 382 2202 et
403 2177 517 2214 quem
539 2165 674 2214 pulcre
694 2163 744 2200 ab
763 2162 909 2201 Ovidio
930 2167 1137 2199 tractatum
1160 2171 1244 2196 esse
1264 2158 1437 2194 videmus
1456 2155 1643 2193 Tristium

170 2226 278 2265 libro
299 2226 337 2264 ii.
358 2229 450 2263 266.
470 2226 527 2262 his
548 2224 751 2262 versibus:
781 2223 836 2261 ibi
857 2223 974 2268 enim,
996 2228 1038 2259 ut
1057 2219 1184 2257 thesin
1205 2219 1304 2256 hanc
1324 2218 1479 2268 probet,

524 2316 544 2329 ‘¹
562 2312 616 2342 Nil
632 2312 759 2352 prodest
772 2309 855 2349 quod
872 2319 928 2338 non
944 2308 1057 2337 laedere
1073 2306 1171 2347 possit
1186 2304 1301 2339 idem,''

184 2387 243 2426 his
262 2376 448 2438 eitemplis
469 2387 602 2431 utitur,

395 2477 417 2491 ‘⁴
435 2473 513 2512 Igne
526 2471 601 2510 quid
618 2469 749 2501 utilius?
774 2469 872 2509 siquis
888 2474 988 2499 tamen
1007 2477 1093 2497 urere
1109 2471 1188 2497 tecta

482 2523 631 2561 Apparat‚
647 2522 777 2551 audaces
791 2521 914 2550 iustruit
930 2519 1002 2558 igne
1019 2528 1135 2548 manus.

442 2574 547 2614 Eripit.
559 2573 727 2608 interdum,
742 2573 833 2602 modo
845 2573 897 2601 dat
914 2570 1066 2600 medicina
1081 2570 1210 2600 salutern
1224 2580 1230 2597 z

486 2624 623 2662 Quaeque
633 2625 723 2662 juvet
737 2627 896 2657 monstrat,
910 2631 1038 2660 quaeque
1055 2620 1096 2650 sit
1111 2620 1206 2650 herba
1220 2630 1345 2650 nocens.

442 2676 483 2705 Et
497 2675 576 2704 latro
592 2679 623 2704 et
635 2679 743 2704 cautus
760 2673 961 2713 praecingitur
977 2682 1049 2701 ense
1066 2671 1167 2701 viator
1181 2683 1187 2700 :

485 2726 546 2755 Ille
562 2725 615 2755 sed
631 2725 772 2760 insidias,
788 2724 838 2754 hic
852 2724 910 2754 sibi
926 2727 1028 2762 portat
1042 2732 1143 2762 opem.

443 2776 582 2806 Discitur
598 2775 742 2805 innocuas
757 2780 790 2805 ut
801 2779 872 2814 agat
886 2774 1026 2804 facundia
1041 2784 1148 2803 causas
1164 2784 1170 2802 :

487 2826 627 2866 Protegit
642 2827 707 2856 haec
723 2831 827 2856 sontes
842 2826 1071 2865 immeritosque
1087 2824 1229 2865 premit.’'

239 2906 311 2955 (2.)
339 2904 457 2942 Nunc
475 2902 567 2940 mihi
589 2901 638 2940 ad
667 2914 712 2939 ea
738 2901 1013 2939 transeundum
1035 2906 1094 2938 est
1115 2911 1204 2950 quae
1231 2899 1337 2951 apud
1360 2905 1532 2938 nostrum
1555 2911 1641 2936 ora-

187 2972 324 3011 torem,
354 2969 468 3003 acute
498 2970 538 3002 et
566 2963 646 3001 fere
676 2962 873 3013 paradoxe
904 2962 1024 3009 dicta,
1051 2962 1244 3013 leguntur,
1274 2961 1312 2999 id
1344 2967 1414 3006 est,
1438 2961 1485 2998 ad
1517 2973 1642 3010 pauca

905 3042 928 3068 1²
