1914 3314
252 201 358 250 502

724 210 1210 256 ΙΣΟΚΡΑΤΟὙΣ

251 318 329 369 οὐκ
353 317 514 383 σ’λῖγων
540 317 584 370 δ’
609 318 873 374 a'vrcSe'cr-:wv
898 322 976 374 καὶ
1001 320 1286 389 παρισώσεων
1310 322 1387 375 καὶ
1418 326 1501 376 τῶν
1525 322 1676 375 ἄλλων
1696 342 1720 379 b

250 388 363 442 ἷὸεῶν
389 391 472 443 τῶν
494 391 533 443 ἓν
559 403 660 452 ταῖς
683 394 914 464 ῥητορείαις
943 394 1290 465 διαλαμπουσῶν
1317 395 1404 447 nal
1421 397 1520 456 τούς
1543 396 1676 448 οἱκού-

249 517 329 548 blica
347 529 435 557 quam
455 520 485 549 in
507 521 597 551 rebus
613 523 785 553 Graecorum
808 525 950 554 curandis

249 561 476 592 manifestarunt
484 572 493 599 ς
516 565 621 593 namin
636 565 734 594 tribus
743 566 832 596 bellis
842 574 951 605 praeter

249 603 409 642 Trojanum
430 615 497 634 cum
523 605 668 636 Barbaris
692 608 786 646 gestis
810 609 950 638 omnibus

249 645 318 675 aliis
326 647 551 685 praestautiores
561 648 655 679 fuere.
698 648 782 689 (οζ.)
795 652 864 680 Jam
878 662 950 681 vero

249 688 288 718 de
310 688 400 718 bellis
417 700 485 719 cum
506 690 612 721 Xerxe
627 696 658 721 et
678 692 716 721 de
731 693 858 723 coloniis
881 704 949 722 con-

249 730 431 761 dendiscum
439 733 604 762 barbaricis
611 734 750 773 gentibus
759 736 856 774 gestis
863 741 952 765 antea

250 774 324 803 satis
338 773 452 803 dictum
468 780 534 813 est3
557 776 595 805 de
611 787 646 806 eo
661 776 765 815 igitur,
779 788 865 817 quam
882 779 950 808 bre·-

249 815 373 845 vissime
390 822 509 855 potero,
531 818 647 857 loquar,
663 820 744 859 quod
765 830 800 849 eo
815 825 950 860 tempore

248 858 407 888 conflatum
425 865 483 896 est,
499 871 558 899 quo
574 862 690 892 Graecae
705 863 795 892 urbes
809 863 863 893 vix
880 874 949 893 con-

249 900 321 930 ditae
358 906 470 938 essent,
499 903 668 943 civitasque
697 910 800 935 nostra
827 906 950 945 regibus

248 943 346 973 adhuc
361 949 495 983 pareret;
520 946 640 976 omissis
651 947 804 987 pluribus,
819 959 885 987 quae
897 948 950 978 illo

248 990 384 1025 tempore
410 987 610 1027 contigerunt.
663 989 744 1030 (π’.)
768 992 869 1028 Quum
887 992 949 1021 Eu-

248 1028 384 1068 molpus,
405 1031 455 1068 jus
485 1030 568 1060 urbis
598 1033 790 1070 possidendae
821 1033 878 1063 sibi
903 1043 949 1063 ar-

248 1081 369 1111 roganS,
397 1071 638 1112 Amazonesque,
679 1075 717 1104 ob
745 1075 904 1115 Antiopem
932 1086 949 1105 a

249 1114 366 1144 Theseo
397 1119 513 1154 captam
541 1121 572 1145 et
593 1116 623 1146 iu
652 1117 870 1147 matrimonium
893 1119 948 1147 du-

249 1154 340 1192 ctam,
351 1158 514 1195 majoribus
525 1160 636 1189 nostris
649 1160 756 1189 bellum
766 1161 948 1198 intulissent,

250 1199 325 1229 victi
352 1205 441 1238 atque
469 1200 563 1229 deleti
600 1207 680 1232 sunt.
723 1203 807 1232 Idem
837 1204 949 1233 accidit

251 1240 436 1278 Erechtheo,
452 1243 599 1273 Herculis
618 1245 741 1281 liberos,
757 1245 807 1284 qui
833 1246 948 1285 suppli-

252 1294 304 1313 ces
333 1285 369 1313 ad
402 1295 457 1314 nos
485 1285 690 1325 confugerant,
712 1288 741 1317 in'
769 1292 947 1327 potestatem

253 1326 391 1365 accipere
406 1327 581 1366 postu-lauti,
601 1330 654 1368 qui
669 1334 784 1359 tantum
797 1331 902 1365 abfuit,
918 1335 950 1359 ut

255 1369 318 1399 voti
343 1379 466 1409 compos
489 1371 586 1400 sactus
605 1372 653 1407 sit,
677 1378 708 1401 ut
728 1373 818 1402 etiam
840 1372 949 1412 proelio

255 1417 412 1452 superatus
445 1417 474 1442 et
507 1419 614 1452 captus
644 1415 830 1444 occubuerit.
875 1415 951 1444 Post

254 1454 319 1484 haec
332 1454 384 1484 isti
397 1465 413 1483 a
429 1455 523 1485 Dario
546 1457 581 1485 ad
611 1458 780 1486 vastandam
801 1457 949 1486 Graeciam

253 1497 350 1531 missi,
364 1498 454 1527 tantis
464 1498 500 1527 ad
512 1499 720 1529 Marathonem
736 1500 873 1528 cladibus
883 1506 950 1529 sunt

254 1540 384 1578 accepti,
402 1546 434 1569 ut
464 1541 534 1577 fuga
560 1552 592 1570 se
615 1552 652 1570 ex
679 1541 821 1571 universa
834 1542 951 1571 Graecia

252 1583 452 1621 proriperent.
465 1582 545 1623 (σθ’.)
557 1584 705 1613 Omnibus
717 1584 776 1619 bis,
787 1585 837 1623 qui
850 1585 950 1615 diver-

252 1625 294 1654 sis
313 1625 498 1664 temporibus
509 1627 612 1655 urbem
622 1632 752 1657 nostram
766 1627 950 1664 invaserant,

251 1667 413 1706 superatis,
437 1666 559 1698 minime
583 1674 682 1699 tamen
712 1671 851 1709 superbia
876 1671 947 1700 elati

251 1715 331 1744 sunt,
345 1710 440 1748 magis
456 1711 640 1741 confidentes
662 1712 752 1742 animi
774 1713 819 1743 sui
836 1713 947 1744 virtute

252 1762 365 1791 suaque
381 1753 552 1791 prudentia,
568 1765 655 1794 quam
672 1755 788 1794 proeliis
808 1756 947 1786 commis-

251 1794 292 1824 sis
304 1805 313 1831 ;
337 1795 450 1836 quippe
459 1805 516 1825 uon
528 1796 718 1835 ignorantes‚‘
726 1799 848 1834 multos,
859 1800 946 1829 etiam

250 1837 373 1876 flagitiis
411 1844 585 1876 coopertos,
625 1840 799 1870 fortitudine
839 1842 949 1872 bellica

250 1881 396 1919 praeditos
424 1891 502 1917 esse,
530 1882 678 1922 sapientia
708 1890 807 1913 autem
837 1885 948 1923 ubique

248 1923 317 1952 utili
333 1923 506 1953 destitutos.
531 1924 616 1965 (ω’.)
630 1924 780 1966 Epilogus.
805 1927 866 1955 Alii
882 1928 948 1966 qui-

249 1966 317 1995 dem
333 1966 472 1995 maximis
484 1967 677 2003 facinoribus,
689 1975 720 1998 et
730 1969 878 2008 imprimis
888 1980 948 1999 mc-

248 2009 460 2046 morabilibus,
482 2010 647 2040 orationem
670 2011 871 2049 concluduut;
894 2013 948 2042 sed

249 2061 304 2081 cur
316 2062 373 2091 ego
386 2052 513 2081 ulterius
525 2052 626 2083 dicere
643 2064 743 2093 cogar,
755 2064 833 2083 nnnc
847 2061 948 2084 osten-

249 2093 328 2124 dam.
348 2093 445 2136 (vraez'.)
473 2095 573 2131 Quum
593 2096 791 2136 perscriptam
807 2098 950 2127 haetenus

249 2137 414 2167 orationem
447 2148 515 2168 cum
545 2138 657 2178 aliquot
681 2140 839 2178 discipulis
872 2141 949 2170 meis

250 2180 445 2220 corrigerem,
461 2186 491 2210 et
515 2180 558 2210 nil
581 2181 639 2211 nisi
658 2182 849 2212 conclusione
872 2194 948 2222 opus

250 2232 318 2251 esse
334 2223 499 2260 videretur,
518 2234 621 2253 eorum
638 2224 773 2263 quidam,
786 2226 837 2264 qui
854 2226 947 2255 Lace-

251 2264 416 2295 daemonios
448 2265 583 2305 impense
620 2267 799 2306 praedicant,
827 2268 949 2298 laudata

250 2313 391 2337 caeternm
411 2309 559 2344 oratione,
572 2309 674 2339 dicere
696 2311 837 2347 audebat,
853 2310 947 2341 Lace-

250 2349 418 2387 daemoniis,
434 2352 550 2381 etiamsi
571 2352 683 2382 nullum
708 2353 737 2383 in
755 2353 878 2383 Graecos
897 2355 949 2384 be—

251 2393 390 2422 neficium
407 2394 614 2431 contulissent,
639 2395 715 2425 illud
739 2400 836 2426 tamen
863 2407 949 2426 acce-

251 2439 336 2474 ptum
354 2436 470 2472 referri,
483 2438 562 2476 quod
579 2437 701 2467 iuventa
713 2448 730 2467 a
753 2449 786 2468 se
809 2439 949 2478 pulcher·

250 2477 325 2507 rima
341 2478 478 2509 instituta
492 2484 522 2509 et
536 2480 594 2519 ipsi
611 2487 806 2519 usurpassent
833 2488 863 2511 et
882 2483 950 2513 aliis

252 2520 515 2552 demonstrassent.
539 2522 637 2564 (vt-3¹.)
666 2524 754 2562 Quod
783 2524 896 2555 dictum
920 2525 949 2555 in

251 2572 340 2592 causa
377 2563 446 2598 suit,
471 2575 506 2593 ne
536 2566 700 2596 orationem
736 2566 863 2604 finirem,
900 2569 950 2598 ubi

251 2605 456 2641 decreveram,
474 2607 624 2637 sedilium
638 2609 795 2639 edocerem
809 2611 951 2649 primum,

252 2649 414 2687 Spartanos
432 2649 501 2678 ideo
517 2660 573 2679 non
591 2661 680 2689 posse
696 2661 764 2681 esse
777 2652 950 2683 inventores

252 2701 348 2730 neque
365 2691 485 2730 pietatis
509 2702 579 2732 erga
602 2694 687 2729 deos,
712 2705 808 2734 neque
822 2696 950 2734 justitiae

253 2743 327 2772 erga
341 2733 485 2770 homines,
499 2744 593 2773 neque
616 2737 745 2775 denique
770 2738 799 2766 in
815 2738 882 2767 aliis
905 2749 950 2768 re-

252 2776 311 2806 bus
328 2776 504 2816 prudentiae,
527 2778 606 2815 quod
622 2779 706 2809 multi
727 2780 773 2809 his
787 2780 950 2811 virtutibus

254 2818 412 2858 conspicui
424 2819 545 2855 tuerint,
555 2825 710 2859 antequam
724 2822 860 2861 Spartani
879 2824 951 2854 istas

253 2862 342 2892 sedes
369 2862 564 2901 occuparint;
593 2863 713 2899 deinde,
733 2874 786 2903 par
808 2876 875 2895 esse
898 2877 950 2905 po-

254 2904 327 2940 tius,
344 2909 377 2934 ut
391 2904 448 2934 diis
465 2905 556 2944 geniti
580 2905 667 2935 hasce
687 2907 814 2937 virtutes
830 2909 950 2939 invene·

253 2947 310 2976 rint
322 2947 447 2986 aliisque
462 2947 622 2978 imitandas
638 2950 868 2988 proposuerint;
891 2957 951 2981 ter-

254 2989 296 3020 tio
323 2990 462 3030 denique,
486 2990 543 3021 sibi
570 2990 628 3031 ipsi
651 2992 855 3023 contradicere
873 3004 952 3031 eum,

982 525 1045 564 qui,
1061 526 1186 555 laudans
1206 524 1382 560 orationem,
1402 525 1432 554 iu
1456 535 1514 564 qua
1536 525 1672 556 Lacedae-

982 568 1099 597 monins
1106 568 1482 607 reprehenderim,diceret
1489 573 1596 602 tamen,
1606 568 1675 598 illos

983 610 1251 648 pulcherrimorum
1279 610 1484 639 institutorum
1509 610 1673 649 participes

983 652 1087 682 fuisse.
1130 651 1227 692 (η’.)
1249 654 1398 682 Praeterea
1415 652 1492 681 illud
1513 653 1602 681 etiam
1618 652 1673 681 mi-

984 696 1080 730 rabar,
1097 694 1123 723 si
1140 695 1282 734 nesciret,
1301 700 1380 724 artes
1395 699 1444 723 aut
1459 694 1611 733 quaslibet
1625 705 1674 724 res

982 736 1110 776 inveniri
1122 739 1158 767 ab
1173 737 1248 772 illis,
1260 737 1310 776 qui
1322 737 1450 776 ingeniis
1460 737 1611 766 excellant
1623 741 1675 767 aut

983 789 1000 808 e
1015 779 1168 809 veteribus
1180 780 1310 809 inventis
1330 780 1459 818 plurima
1479 779 1596 809 discere
1619 789 1674 818 po·

983 822 1096 851 tuerint
1109 826 1140 851 et
1154 823 1191 852 ad
1213 832 1292 852 nova
1313 822 1523 860 investiganda
1544 821 1674 852 animum

982 874 1044 903 prae
1069 864 1136 894 aliis
1163 864 1317 904 applicare
1333 864 1480 894 voluerint
1493 875 1502 903 ;
1528 875 1545 894 a
1563 864 1674 904 quibus

981 907 1072 937 rebus
1086 906 1308 936 Lacedaemonii
1323 911 1381 936 tam
1397 907 1504 936 remoti
1519 911 1630 942 essent,
1641 911 1675 936 ut

983 960 1020 979 ne
1051 950 1199 979 elementa
1222 950 1342 988 quidem
1374 949 1527 983 literarum
1555 949 1675 978 discant

981 1002 1113 1031 suosque
1128 992 1239 1021 liberos
1255 993 1285 1020 in
1300 991 1450 1032 ejusmodi
1465 993 1556 1021 rebus
1570 991 1673 1022 erudi-

981 1039 1043 1070 ant,
1052 1035 1161 1073 quibus
1173 1034 1240 1064 aliis
1247 1035 1426 1064 malefacere
1438 1034 1568 1072 possint.
1580 1032 1672 1075 (⁷182)

981 1078 1112 1115 Quarum
1126 1077 1457 1106 exercitationumhanc
1469 1081 1582 1106 tantum
1589 1087 1671 1106 com-

980 1120 1163 1155 memorabo,
1178 1120 1258 1158 quod
1280 1119 1416 1158 quotidie
1434 1119 1546 1149 liberos
1561 1130 1578 1149 a
1592 1120 1672 1150 lecto

981 1163 1093 1198 statim,
1110 1162 1228 1191 nomine
1240 1162 1277 1191 ad
1291 1162 1491 1196 venationem,
1502 1172 1534 1191 re
1548 1172 1619 1191 vera
1633 1162 1672 1192 ad

980 1205 1092 1234 furtum
1104 1204 1254 1238 emittunt,
1263 1215 1388 1243 quorum
1398 1204 1578 1243 deprehensi
1588 1215 1672 1234 num-

981 1248 1038 1276 mis
1052 1247 1208 1286 plagisque
1223 1248 1398 1285 puniuntur,
1412 1247 1540 1276 latentes
1555 1257 1627 1277 vero
1642 1251 1674 1277 et

981 1289 1060 1318 inter
1076 1299 1186 1328 pueros
1202 1294 1270 1318 sunt
1284 1288 1466 1319 celebriores
1482 1295 1511 1319 et
1525 1289 1600 1319 viam
1613 1289 1673 1320 sibi

982 1332 1018 1360 ad
1030 1332 1174 1360 maximos
1188 1331 1315 1360 honores
1326 1331 1381 1360 hac
1395 1332 1517 1361 solertia
1527 1333 1672 1363 muniunt.

982 1374 1089 1403 Nonne
1114 1374 1351 1402 erubescendum
1375 1379 1422 1402 est
1440 1374 1518 1410 istis,
1541 1375 1592 1414 qui
1614 1381 1674 1405 tam

982 1416 1071 1454 longe
1084 1426 1100 1444 a
1115 1416 1322 1445 communibus
1334 1415 1454 1453 legibus
1469 1418 1625 1453 recedunt,
1642 1423 1674 1447 ut

983 1458 1080 1487 Graeci
1097 1457 1286 1496 Barbarique
1301 1458 1458 1487 maleficiis
1473 1469 1508 1488 ac
1523 1459 1605 1489 furto
1620 1461 1674 1490 de-

983 1500 1064 1530 ditos
1080 1501 1177 1530 servis
1193 1501 1512 1540 nequioresjudicent,
1523 1502 1585 1540 ipsi
1603 1512 1675 1532 vero

982 1544 1129 1582 ejusmodi
1157 1543 1321 1572 nebulones
1349 1543 1538 1574 honorandos
1565 1545 1675 1575 existi-

983 1591 1064 1615 ment
1075 1587 1087 1616 ’ἕ
1118 1584 1208 1626 (πί.)
1232 1587 1311 1615 Haec
1324 1586 1377 1615 ille
1391 1587 1528 1622 audiens,
1540 1597 1597 1617 non
1609 1587 1676 1627 qui-

983 1629 1050 1658 dem
1068 1629 1167 1658 omnia
1181 1629 1300 1658 illorum
1316 1630 1444 1668 probare
1466 1639 1498 1659 se
1514 1629 1606 1666 dixit,
1622 1631 1676 1660 sed

983 1671 1130 1706 doluisse,
1143 1682 1187 1707 se,
1202 1671 1280 1701 lecta
1295 1681 1361 1701 mea
1376 1672 1520 1708 oratione,
1536 1673 1611 1702 nihil
1625 1674 1676 1703 ha-

981 1714 1094 1750 buisse,
1109 1715 1189 1754 quod
1203 1715 1385 1753 respondere
1400 1715 1563 1754 potuisset,
1580 1716 1676 1746 Lace-

981 1757 1146 1787 daemonios
1162 1758 1306 1786 hactenus
1320 1758 1442 1787 laudare
1458 1758 1587 1795 solitus;
1608 1768 1677 1795 nec,

981 1810 1070 1838 quum
1102 1800 1140 1829 de
1165 1800 1312 1829 institutis
1337 1810 1439 1829 eorum
1466 1801 1678 1838 pulcherrimis

981 1842 1102 1872 locutus
1115 1847 1207 1877 esset,
1220 1842 1376 1881 pietatem,
1386 1843 1533 1880 justitiam
1546 1844 1676 1882 pruden-

981 1884 1112 1924 tiamque
1124 1885 1308 1925 respexisse,
1322 1886 1374 1914 sed
1392 1886 1447 1914 hoc
1463 1886 1501 1914 de
1512 1886 1676 1924 gymnasiis

982 1927 1024 1957 ibi
1043 1928 1187 1966 receptis,
1202 1928 1390 1957 fortitudinis
1411 1929 1626 1958 exercitatione
1645 1934 1676 1958 et

983 1970 1020 1999 de
1036 1971 1079 1999 rei
1095 1970 1233 2000 militaris
1245 1971 1347 1999 studio
1363 1970 1393 1999 in
1405 1967 1576 2000 universum
1588 1971 1676 2000 intel·

981 2013 1109 2048 texisse,
1122 2023 1200 2051 quae,
1213 2013 1299 2042 sicuti
1317 2023 1373 2051 per
1389 2023 1421 2042 se
1437 2013 1505 2052 ipsa
1518 2013 1676 2052 praeclara,

982 2055 1025 2084 ita
1049 2057 1129 2094 apud
1154 2056 1223 2085 illos
1250 2055 1447 2085 usitatissima
1472 2067 1550 2092 esse,
1575 2056 1676 2095 quivis

982 2098 1121 2128 fateatur.
1147 2096 1251 2138 (ez-5¹.)
1275 2099 1345 2127 Hoc
1359 2097 1443 2128 illius
1458 2109 1606 2138 responso
1626 2109 1676 2129 ac-

982 2141 1173 2179 quievi‚non,
1188 2141 1266 2179 quod
1284 2141 1374 2170 ullum
1387 2142 1586 2171 accusationis
1602 2152 1676 2172 meae

982 2188 1073 2222 caput
1098 2183 1252 2223 diluisset,
1275 2184 1327 2212 sed
1349 2185 1430 2222 quod
1450 2183 1617 2222 sapientius
1643 2195 1676 2214 se

982 2226 1181 2262 defendisset,
1197 2236 1284 2265 quam
1297 2230 1383 2255 antea
1392 2227 1550 2265 jactasset.
1584 2226 1679 2268 (πζ.)

982 2267 1026 2298 At
1041 2269 1151 2298 habere
1163 2279 1221 2304 me,
1236 2268 1418 2308 inquiebam,
1428 2279 1520 2308 quare
1530 2269 1604 2299 istas
1616 2280 1679 2306 res,

982 2321 1056 2350 quas
1073 2312 1161 2341 niodo
1177 2311 1342 2347 laudasset,
1354 2312 1476 2350 gravius
1489 2312 1577 2342 etiam
1589 2322 1675 2351 quam

982 2364 1144 2393 puerorum
1180 2354 1370 2384 furacitatem
1399 2365 1550 2384 accusem.
1608 2356 1678 2385 Hae

984 2397 1062 2426 enim
1079 2395 1164 2426 liberi
1181 2397 1331 2426 duntaxat
1352 2407 1454 2427 eorum
1481 2407 1678 2437 corrumpun-

984 2444 1042 2474 tur,
1058 2439 1104 2468 his
1131 2449 1203 2469 vero
1230 2439 1377 2469 institutis
1396 2440 1519 2470 Graecos
1538 2441 1678 2480 perdide-

984 2486 1052 2512 runt
1066 2492 1075 2520 3
1096 2482 1209 2521 quippe
1223 2483 1272 2521 qui
1289 2483 1332 2512 rei
1349 2482 1488 2512 militaris
1498 2483 1606 2522 peritia
1619 2493 1677 2512 non

984 2529 1087 2554 contra
1102 2525 1216 2559 hostes,
1228 2525 1282 2555 sed
1297 2529 1401 2555 contra
1417 2525 1679 2564 conjunctissimos

984 2573 1015 2597 et
1030 2573 1173 2607 cognatos
1194 2572 1325 2598 utantur.
1349 2566 1441 2608 (κη’.)
1455 2569 1566 2598 Verum
1577 2572 1608 2598 tu
1620 2579 1678 2598 non

984 2610 1068 2640 solus
1084 2611 1217 2648 ignoras,
1228 2610 1346 2649 quinam
1360 2611 1451 2640 rebus
1463 2612 1539 2641 bene
1550 2615 1680 2648 utantur,

984 2653 1035 2682 sed
1054 2653 1180 2682 maxima
1197 2654 1258 2683 sere
1276 2663 1346 2692 pars
1361 2654 1545 2683 Graecorum.
1588 2654 1682 2684 Nulla

983 2696 1060 2725 enim
1085 2705 1134 2725 res
1154 2706 1209 2735 per
1234 2706 1267 2725 se
1290 2701 1336 2725 est
1353 2695 1513 2730 laudanda,
1533 2696 1587 2725 sed
1607 2706 1682 2726 usus

985 2738 1119 2778 ejusdem
1137 2745 1182 2768 est
1206 2738 1315 2777 ubique
1336 2739 1571 2778 exspectandus,
1586 2739 1639 2777 qui
1655 2740 1680 2769 si

985 2782 1080 2810 bonus
1101 2788 1158 2818 est,
1177 2782 1255 2811 bona
1275 2782 1338 2810 haec
1357 2791 1404 2810 res
1427 2786 1473 2810 est
1491 2781 1638 2817 habenda,
1656 2783 1683 2813 si

984 2824 1092 2859 malus,
1109 2824 1199 2862 mala;
1223 2824 1304 2862 qnod
1315 2823 1385 2852 inde
1397 2823 1590 2863 perspicitur,
1602 2825 1682 2863 quod

984 2867 1098 2896 emdem
1129 2877 1176 2896 res
1206 2866 1273 2896 aliis
1299 2871 1437 2905 prosunt,
1465 2865 1535 2895 aliis
1563 2868 1682 2898 obsunt.

985 2908 1086 2950 (σθ’.)
1124 2909 1216 2948 Atqui
1241 2909 1298 2938 hoc
1319 2907 1356 2937 de
1378 2909 1540 2941 concordia
1564 2919 1682 2949 quoque

987 2952 1077 2987 valet,
1095 2962 1181 2990 quam
1197 2951 1226 2980 in
1242 2950 1396 2990 Spartanis
1412 2951 1569 2981 multorum
1588 2954 1683 2982 mato-

985 3005 1050 3024 rum
1065 3004 1183 3024 causam
1200 2993 1293 3024 fuisse
1309 2993 1486 3032 reperimus.
1532 2993 1575 3025 ui
1591 2995 1682 3037 enim,
