1914 3314
223 210 304 250 818
594 205 939 251 VARIANTES

224 322 270 351 καὶ
296 322 362 354 ταῖς
387 320 517 361 ungue-J
543 331 603 349 om.
631 331 678 359 pr.
705 331 735 350 u.
752 319 799 350 καὶ
821 329 935 359 καρτερ.

225 375 304 393 corr.
317 374 344 392 u.
361 363 425 403 [καὶ
443 363 571 404 καρτερ.]
588 363 692 393 Bekk.
752 374 820 403 pen.
834 361 937 402 φθονεῖν

224 417 306 436 corr.
324 416 353 436 ιι.

268 448 304 478 Ρ.
322 451 395 479 452.
414 451 443 477 2.
467 446 593 487 ἓπιτίμα
608 448 668 481 τοῖς
681 447 829 488 πολίταις]
845 446 935 486 ἐτίμα

225 492 290 524 τοὺς
305 490 427 524 πολίτας
443 502 472 520 ιι.
488 491 590 521 Bekk.
647 493 677 522 3.
700 489 726 520 ἓν
754 492 821 524 ταῖς
840 490 935 520 τοιαύ-

225 534 308 573 ταις]
326 536 390 567 ταῖς
411 532 936 573 οιιι.ιι.Βε141(.7.ἀφικνουμέ-

225 577 296 617 νους]
319 587 340 605 ει
332 576 575 628 ἶσαφικνουμένους
600 587 629 605 ιι.
648 576 751 606 Bekk.
819 579 849 605 8.
872 577 937 609 τοὺς

226 618 413 659 ἀρχομένους]
437 630 502 652 τους
534 619 638 652 ἄλλους
660 630 688 648 ιι.
706 619 808 648 Bekk.
855 618 936 648 Ibid.

226 660 315 700 ἐκείνω
331 663 360 691 b.
378 673 407 691 v.
462 665 511 691 11.
528 660 789 701 ἐξαμαρτάνοντας]
808 660 936 700 ἐξαμαρ-

227 704 328 738 τόντας
355 715 383 734 ιι.
406 704 508 734 Bekk.
569 706 620 735 13.
643 704 811 742 ὁμιλούντων
827 703 938 743 ἑταίρων

226 746 394 787 χρωμένων]
422 746 574 787 χρωμένων
601 757 620 785 p
640 751 691 776 10.
724 757 751 775 ιι.
781 758 809 776 v.
834 746 937 775 Bekk.

226 789 339 829 ἑταίρων
352 801 371 828 p
389 792 419 820 8.
438 792 466 819 9.
486 789 582 819 Wolf.
655 789 735 819 Ibid.
753 787 937 828 περιγενόμε-

224 832 279 872 νος]
311 831 531 871 περιγιγνόμενος
560 842 588 861 n.
607 832 711 862 Bekk.
774 834 825 861 16.
849 831 940 869 λόγοις

225 891 269 897 —-
283 873 411 915 ἕρκοις]”
399 886 485 913 εργοις
496 893 536 897 —
550 874 583 904 λε’
573 884 641 913 γοις
666 885 693 904 u.
715 874 818 904 Bekk.
885 877 937 904 19.

224 928 298 955 γιγν.
315 916 447 957 ἀγαθοῖς]
463 917 578 956 ἀγαθοῖς
593 928 652 947 om.
670 929 699 946 u.
715 916 818 946 Bekk.
884 919 936 947 25.

225 957 253 989 δὲ
280 959 351 990 οὐδὲν
377 960 561 1000 παραλιπὼν]
589 959 662 990 οὐδὲν
691 959 881 999 παραλείπει-ων
907 970 937 989 ιι.

226 1003 327 1033 Bekk.
374 1005 424 1033 26.
443 1004 503 1036 τοῖς
519 1003 673 1036 βασιλεῦσι
690 1002 806 1043 πρέπει]
821 1002 866 1031 δεῖ
878 1003 937 1035 τοῖς

224 1045 378 1078 βασιλεῦσι
396 1056 427 1075 ιι.
443 1047 545 1076 Bekk.
588 1047 668 1075 Ibid.
683 1045 724 1075 ἐκ.
741 1051 808 1075 πολ.
826 1044 937 1083 ἐκλεγό-

223 1089 321 1129 μενος]
344 1088 387 1118 ἑκ.
414 1091 465 1123 τῆς
489 1095 557 1118 πολ,
582 1087 772 1127 ἐξειλεγμένος
789 1099 818 1118 ιι.
835 1088 936 1118 Bekk.

223 1141 294 1171 pen.
316 1131 384 1162 πόλ.
408 1131 485 1161 διοιιι.
490 1131 503 1172 ]
526 1131 594 1162 πόλ.
616 1132 680 1164 ὅλης
695 1131 770 1160 scam.
787 1142 816 1160 u.
833 1131 936 1160 Bekk.

226 1174 283 1204 ult.
306 1172 372 1214 πρὸς
386 1174 454 1204 κινδ.
459 1176 471 1215 ]
486 1186 552 1213 προς
567 1187 631 1208 τους
643 1173 710 1204 κινδ.
723 1184 750 1203 u.
770 1173 872 1202 Bekk.

269 1218 306 1246 P.
323 1219 397 1247 453.
415 1220 443 1246 1.
468 1228 622 1256 τυραννικος
643 1217 687 1258 δὲ]
703 1216 892 1255 μεγαλόφρων
907 1214 937 1245 δὲ

225 1269 254 1288 u.
272 1258 374 1289 Bekk.
419 1259 500 1288 lbid.
516 1259 635 1298 διαφέρει
652 1261 679 1289 b.
726 1263 757 1288 4.
771 1259 840 1297 γὰρ]
863 1258 890 1287 δὲ
909 1260 938 1288 b.

223 1303 254 1331 5.
273 1301 388 1342 τῆνΦ.]
409 1303 459 1332 τῆν
475 1303 575 1330 τῶνΦ.
599 1305 627 1331 b.
645 1312 674 1331 u.
689 1313 717 1331 v.
734 1300 838 1330 Bekk.
907 1303 939 1330 6.

221 1344 284 1374 οὔτε
298 1343 405 1385 τέχνας
421 1343 570 1384 έπισταμ.
583 1355 642 1373 om.
659 1346 688 1373 b.
727 1342 940 1383 1ὺίἀ.χρωμέ-

224 1398 266 1417 νην
281 1386 328 1417 διὰ
343 1400 376 1416 το
387 1389 430 1426 μῆ
445 1386 656 1439 έμπορεύεσθαί
672 1397 752 1420 τινας
764 1385 831 1424 παρ’
847 1386 940 1416 αὐτῶν

223 1430 269 1459 διὰ
285 1440 334 1460 την
349 1429 489 1479 ὡμότητα
505 1431 607 1460 αὐτῶν.
634 1429 656 1459 εἶ
683 1429 711 1459 δέ
738 1440 783 1462 τις
805 1426 845 1457 οὖν
866 1431 888 1458 εἰ
892 1440 938 1459 ποι

224 1472 272 1502 και
287 1473 351 1503 οὔτε
376 1473 406 1502 ἰιι
423 1483 518 1511 marg.
537 1484 566 1502 ιι.
631 1475 662 1501 7.
681 1471 816 1512 λιμένας]
836 1471 938 1511 λιμένα

224 1525 257 1545 u.
272 1515 373 1545 Bekk.
444 1519 493 1545 10.
490 1497 716 1555 δπαρασκευαῖς]
744 1525 939 1548 κατασκευαις

225 1568 256 1588 ιι.
269 1558 372 1588 Bekk.
418 1561 470 1588 11.
486 1557 592 1588 πόλεων
602 1557 743 1597 ἀπολελ.]
758 1557 865 1587 πόλεων
877 1568 936 1587 om.

225 1611 254 1630 u.
276 1602 376 1631 Bekk.
429 1604 480 1631 12.
496 1602 618 1636 πολλοὺς
634 1599 782 1640 φοβεῖσθαι
793 1611 821 1630 ιι.
834 1600 938 1630 Bekk.

229 1646 280 1674 14.
297 1643 329 1674 ἂν
343 1643 402 1684 μή]
421 1643 448 1674 ἓν
462 1644 504 1684 μή
522 1654 552 1673 ιι.
572 1644 673 1674 Bekk.
718 1646 770 1673 ⁶20.
787 1642 832 1672 τὸν
847 1642 938 1682 περιέ-

224 1698 315 1728 χοντα
333 1686 434 1728 τόπον]
455 1686 501 1716 τὸν
523 1687 608 1717 τόπον
630 1686 690 1716 δ’λον
710 1685 755 1715 τὸν
770 1684 938 1727 περιέχοντα

226 1739 258 1759 ιι.
274 1731 375 1760 Bekk.
457 1733 510 1761 21.
525 1729 581 1769 μὲν
594 1729 663 1770 γὰρ]
679 1728 734 1767 μέν
751 1739 784 1768 γε
796 1728 938 1759 u.Bekk.

226 1774 279 1802 24.
296 1772 329 1802 ἓιν
343 1771 453 1812 ὢμότ]
478 1772 510 1802 ἃν
534 1783 593 1802 om.
617 1783 646 1802 u.
672 1772 774 1802 Bekk.
835 1777 938 1813 antep.

223 1817 338 1855 μᾶλλον
352 1814 437 1856 εἶναι]
452 1814 517 1845 εἶναι
533 1816 673 1854 μάλιστα
690 1826 717 1844 ιι.
738 1814 842 1845 Bekk.

271 1860 303 1888 P.
321 1861 397 1889 454.
413 1861 443 1888 2.
468 1870 558 1896 μουσ.
586 1858 632 1888 καὶ
659 1858 729 1898 τῶν]
757 1860 812 1887 τῶν
833 1867 893 1887 om.
911 1869 939 1887 ιι.

227 1901 325 1931 Bekk.
390 1903 420 1930 5.
434 1901 465 1930 ἂν
479 1912 539 1930 om.
557 1903 587 1932 h.
633 1901 715 1930 ibid.
730 1900 939 1954 ὁμολογήσειεν]

226 1943 497 1984 προσομολογῆσειεν
519 1946 547 1973 b.
563 1955 592 1974 ιι.
619 1955 648 1974 v.
670 1943 770 1973 Bekk.
848 1945 878 1973 8.
891 1944 939 1973 και

225 1986 312 2027 κᾶγ.]
337 1987 385 2016 καὶ
398 1997 457 2017 οηι.
475 1997 504 2016 ιι.
523 1986 627 2016 Bekk.
684 1988 714 2017 9.
731 1985 893 2019 οἰκήσαντες
910 1987 939 2016 b.

225 2030 310 2059 Ibid.
344 2029 495 2069 κοινοτέραν
534 2029 603 2059 εῖναι
639 2028 687 2058 καὶ
726 2028 938 2070 νομιμωτέραν]

225 2072 394 2111 κουφοτέραν
412 2073 460 2102 καὶ
482 2070 680 2112 νομιμωτέραν
701 2070 768 2101 εἶναι
791 2082 819 2100 υ.
837 2072 939 2102 Bekk.

227 2118 278 2146 13.
288 2118 339 2148 τῆς
348 2114 462 2146 Ἀθηνῶν
471 2115 538 2145 πόλ.
547 2116 577 2144 b.
625 2119 674 2145 15.
684 2113 795 2154 ἐκείνου]
806 2113 902 2144 ἐκεῖνον
911 2116 939 2145 b.

226 2169 257 2187 v.
268 2157 355 2197 ἐκείνῳ
367 2159 494 2188 u.Wolf.
507 2158 608 2188 Bekk.
659 2160 709 2187 16.
725 2159 823 2187 πολλὰ
838 2157 881 2197 δὲ]
893 2157 941 2186 καὶ

227 2203 324 2231 πολλοὶ
342 2211 371 2231 ιι.
387 2202 490 2232 Bekk.
537 2200 704 2231 18.τούτων
717 2199 940 2241 ἕεΒουλεῧσ-θαι]

227 2244 329 2274 τούτου
349 2242 565 2274 caumana-eas
588 2254 618 2273 u.
645 2243 750 2273 Bekk.
819 2246 871 2273 20.
888 2245 942 2282 γὰρ

227 2297 287 2317 om.
305 2288 334 2316 b.
343 2288 429 2317 Med.
442 2288 512 2318 Ald.
557 2287 642 2316 Ibid.
655 2285 802 2326 ἔφθησαν]
816 2284 944 2324 ἔφθασαν

228 2340 259 2359 ιι.
272 2330 374 2360 Bekk.
429 2333 481 2361 22.
499 2330 564 2363 τοὺς
580 2329 718 2359 om.A1d.
774 2332 827 2359 24.
842 2327 942 2370 ἐ’σχον]

228 2371 304 2413 εἶχον
319 2383 349 2402 ιι.
365 2372 474 2403 Bekk.
536 2383 605 2413 pen.
622 2371 650 2401 δὲ
666 2372 714 2401 καὶ
729 2372 774 2401 διὰ.
787 2373 815 2401 b.
828 2382 857 2401 v.
870 2372 942 2402 Am.

286 2415 324 2445 Ρ.
342 2417 415 2446 455.
432 2419 462 2445 1.
494 2414 707 2455 ἀπαλλάξωσι]
737 2415 943 2454 ἀπαλλάξουσι

229 2467 260 2487 ιι.
278 2457 379 2488 Bekk.
433 2461 464 2488 2.
480 2458 579 2499 ταχὺ]
596 2459 691 2498 ταχὺν
707 2468 737 2487 ιι.
753 2457 857 2488 Bekk.
911 2460 942 2488 7.

210 2534 217 2536 ‚
227 2500 382 2541 χρήσονται
414 2502 474 2535 τοῖς
503 2501 652 2541 παροῦσιν]
683 2500 846 2540 χρήσωνται
883 2502 944 2533 τοῖς

229 2543 397 2583 πράγμασιν
414 2555 442 2573 ιι.
454 2544 554 2574 Bekk.
623 2545 652 2573 9.
666 2543 815 2573 ποιεῖσθαι
831 2543 878 2573 τὸν
893 2543 942 2572 πό-

229 2591 316 2624 λεμον
331 2586 376 2615 τὸν
392 2585 465 2625 πρὸς
481 2593 556 2616 Λακ.
568 2597 598 2616 ιι.
610 2586 711 2616 Bekk.
780 2588 830 2615 10.
846 2597 942 2615 κατα-

228 2628 386 2659 Μήσαιντο
400 2629 591 2668 στρατόπεδον
608 2640 637 2659 ιι.
656 2629 757 2659 Bekk.
826 2632 876 2658 11.
888 2629 942 2668 μό·

229 2671 286 2711 νην]
303 2671 383 2709 μόνον
399 2682 427 2700 ιι.
446 2672 548 2702 Bekk.
616 2675 668 2704 1⁰2.
692 2673 804 2712 πᾶσαν]
823 2671 943 2702 ἅπασαν

230 2725 258 2743 ιι.
276 2713 378 2744 Bekk.
424 2717 475 2745 17.
492 2714 649 2755 ἀπέλαβε]
667 2713 784 2744 emines
798 2725 826 2744 ιι.
843 2715 942 2745 Bekk.

229 2756 395 2788 23.ἐαυτῶν
405 2767 435 2786 v.
482 2758 537 2788 ull.
551 2757 663 2792 πλέονος
674 2769 702 2788 ιι.
715 2757 821 2788 Bekk.
862 2757 941 2787 [bid.

229 2802 441 2841 κατειργάσατο
453 2799 485 2830 b.

974 205 1309 247 LECTIONES

1014 319 1051 348 P.
1069 320 1143 349 456.
1158 322 1188 348 1.
1213 318 1309 353 ἄλλως
1324 319 1413 349 Wolf
1473 323 1502 351 6.
1518 321 1565 350 καὶ
1580 319 1680 349 τούτου

969 359 1124 402 μέγιστον]
1140 361 1283 400 μέγιστον
1298 373 1326 391 u.
1344 362 1448 391 Bekk.
1504 366 1535 392 ¹7.
1551 364 1605 402 γὰρ
1622 373 1681 392 om.

971 405 1002 434 b.
1071 407 1121 434 16.
1142 405 1198 437 τὰς
1213 404 1294 444 δόξας
1305 405 1376 445 τῶν]
1397 407 1448 438 τῆς
1472 404 1548 443 δόξης
1561 407 1610 434 καὶ
1625 407 1681 434 τῶν

971 457 1000 476 ιι.
1028 458 1056 476 v.
1075 447 1178 476 Bekk.
1243 457 1314 486 pen.
1342 448 1497 488 στρατιὰν]
1526 447 1680 487 στρατείαν

971 500 1002 520 ιι.
1019 489 1120 520 Bekk.
1187 499 1256 527 pen.
1273 491 1406 524 πεντάκις
1425 489 1512 529 μύρια
1528 490 1678 530 τάλαντα]

970 533 1105 561 τάλαντα
1121 532 1348 573 πεντακισχίλια
1363 533 1411 561 καὶ
1427 532 1515 571 μύρια
1531 543 1561 562 ιι.
1580 532 1682 563 Bekk.

1016 577 1050 604 P.
1066 577 1142 605 457.
1161 577 1193 604 7.
1223 575 1426 615 Πρωταγόραν]
1450 574 1629 613 Πνυταγόραν
1650 585 1681 604 u.

971 616 1071 647 Bekk.
1117 621 1168 646 11.
1185 620 1240 647 τῶν
1252 618 1377 658 Περσῶν]
1392 620 1445 646 τῶν
1458 628 1517 648 om.
1530 629 1560 647 u.
1577 618 1680 647 Bekk.

973 663 1024 690 18.
1048 660 1095 689 τὸν
1109 659 1213 701 καιρὸν]
1242 659 1288 690 τὸν
1305 661 1395 701 χρόνον
1418 672 1446 690 ιι.
1479 660 1581 691 Bekk.
1627 662 1680 690 20.

970 702 1055 741 κύριον
1065 703 1152 743 κατ.]
1167 703 1251 742 κύριον
1263 703 1344 732 ..hav
1357 714 1425 733 κατ.
1440 714 1469 732 ιι.
1484 703 1584 733 Bekk.
1629 705 1683 733 21.

971 744 1231 784 Θαυμαστότατον]
1249 745 1400 775 δεινότατον
1418 757 1448 776 ιι.
1463 747 1570 776 Bekk.
1629 747 1686 775 22.

971 788 1158 827 τυραννοῦντος
1174 799 1201 816 ιι.
1216 787 1319 818 Bekk.

1028 832 1065 860 P.
1086 833 1161 861 458.
1192 834 1220 859 1.
1250 833 1332 869 μετὰ
1356 831 1452 865 πάσης
1477 830 1576 870 Ἐλλ.]
1608 827 1682 869 μεθ’

971 873 1088 907 ἁπάσης
1103 872 1246 907 τῆςἹΞλλ.
1265 884 1295 904 ιι.
1315 874 1412 904 Bekk.
1466 877 1497 904 4.
1512 871 1616 913 μείζον’
1633 873 1680 913 ἂν]

970 915 1061 955 μείζω
1076 915 1108 945 ἂν
1124 917 1154 945 b.
1179 927 1206 944 v.
1226 915 1257 945 ἲιν
1281 916 1371 957 μείζω
1389 927 1419 945 ιι.
1434 917 1536 947 Bekk.
1604 919 1634 946 6.
1651 915 1684 945 ἂν

971 959 1135 999 εὑρήσομεν]
1163 957 1195 987 ἒιν
1217 959 1376 998 εὑρησωμεν
1390 961 1419 989 b.
1439 971 1467 989 v.
1488 959 1639 999 εὑρήσομεν
1651 969 1681 988 ιι.

972 1002 1074 1031 Bekk.
1141 1003 1172 1030 7.
1196 1002 1236 1030 νῦν
1253 1002 1387 1043 ἀφέντες]
1404 1004 1445 1032 νῦν
1459 1013 1519 1032 om.
1537 1013 1566 1031 u.
1579 1002 1683 1032 Bekk.

971 1043 1053 1074 Ibid.
1069 1044 1238 1084 σκοπῶμεν]
1255 1047 1411 1084 σκοποῖμεν
1427 1056 1457 1075 ιι.
1473 1046 1576 1075 Bekk.
1653 1046 1682 1074 9.

970 1085 997 1120 ὃς
1018 1096 1078 1116 om.
1110 1098 1138 1116 u.
1208 1090 1257 1116 17.
1287 1087 1437 1128 γενέσθαι]
1462 1086 1627 1125 γεγενῆσθαι
1651 1097 1682 1117 ιι.

972 1129 1074 1159 Bekk.
1133 1130 1189 1159 nlt.
1207 1129 1375 1170 αὐτονομίαν
1391 1130 1492 1172 ἔσχον]
1515 1128 1684 1170 αὐτονομίας

971 1171 1075 1212 ἔτυχον
1090 1172 1237 1202 ιι.Βε1ς1ς.

1016 1215 1052 1244 P.
1070 1217 1187 1246 459.1.
1207 1216 1241 1247 ὡς
1267 1215 1368 1249 αὐτους
1391 1227 1422 1245 τ.
1445 1217 1474 1244 ἆ..
1506 1215 1684 1256 παραοώσον·

971 1258 1041 1309 τας]
1055 1258 1150 1291 αὐτοῖς
1165 1269 1196 1286 τ.
1211 1259 1241 1286 ἆ..
1252 1257 1392 1291 δώσοντας
1407 1268 1437 1287 u.
1455 1258 1554 1289 Bekk.
1602 1261 1631 1288 5.
1645 1256 1682 1287 δι’

971 1296 1023 1339 ων]
1042 1298 1073 1338 ἐξ
1087 1297 1121 1328 οἷν
1137 1310 1167 1329 ιι.
1184 1300 1284 1329 Bekk.
1344 1302 1373 1330 8.
1387 1300 1418 1330 ἓιν
1433 1311 1492 1330 om.
1511 1311 1542 1330 ιι.
1603 1300 1684 1331 lbid.

973 1343 1059 1371 τοῦτο
1073 1342 1142 1382 γάρ]
1159 1342 1203 1371 ἀεὶ
1218 1343 1272 1380 γάρ
1283 1352 1314 1371 ιι.
1324 1342 1430 1372 Bekk.
1477 1346 1526 1373 13.
1536 1341 1592 1375 βίον
1602 1343 1681 1384 εὖτ.]

971 1385 1064 1425 χρόνον
1083 1386 1144 1414 εὖτ.
1166 1396 1194 1415 ιι.
1211 1385 1314 1415 Bekk.
1381 1388 1433 1416 14.
1458 1385 1685 1425 θεοφιλέστατον

972 1427 1063 1457 Med.
1078 1429 1106 1457 H
1111 1438 1158 1467 ag.
1224 1429 1275 1458 15.
1291 1428 1338 1457 καὶ
1354 1427 1447 1468 hoyn]
1464 1429 1511 1458 καὶ
1525 1429 1590 1462 τοὺς
1607 1427 1685 1467 ὄνομ.

972 1481 1004 1501 ιι.
1021 1470 1119 1500 Bekk.
1192 1473 1242 1500 17.
1258 1471 1517 1511 μακαριστότατος
1528 1472 1558 1501 b.
1576 1481 1595 1511 p
1611 1473 1641 1501 8.
1656 1474 1686 1501 9.

973 1524 1002 1542 V.
973 1513 1210 1543 vMed.Wolf.
1256 1514 1524 1555 21.ῥώμῃ]γγώμῃ
1541 1524 1572 1544 u.
1582 1514 1684 1544 Bekk.

972 1558 1024 1586 24.
1048 1556 1191 1586 διετέλεσε
1211 1556 1258 1586 τὸν
1281 1556 1338 1589 βίον
1358 1567 1389 1587 ιι.
1411 1557 1513 1588 Bekk.
1579 1562 1685 1596 antep.

971 1598 1072 1633 ἐβίωσε
1091 1601 1119 1629 b.
1164 1609 1232 1640 pen.
1249 1599 1432 1640 νοσημάτων]
1444 1598 1527 1629 νόσων
1542 1611 1570 1630 ιι.
1585 1601 1686 1630 Bekk.

1016 1643 1051 1671 P.
1068 1645 1178 1673 4603.
1195 1642 1359 1683 γενομένων]
1376 1642 1524 1681 γεγονότων
1538 1654 1567 1673 ιι.
1579 1643 1684 1674 Bekk.

973 1685 1003 1714 5.
1024 1686 1104 1714 ἀλλὰ
1119 1697 1151 1715 τ.
1173 1698 1210 1723 μ.
1236 1685 1268 1717 Β.
1288 1685 1456 1725 καλούμενον
1479 1697 1540 1716 οιιι.
1558 1687 1586 1715 b.
1651 1688 1685 1717 ¹7.

972 1727 1225 1769 προγεγενημένων]
1243 1727 1427 1769 γεγενημένων
1441 1739 1468 1758 ιι.
1486 1729 1589 1759 Bekk.
1655 1732 1687 1760 8.

973 1770 1041 1800 ἀλλ’
1054 1771 1081 1801 οὐ
1093 1770 1202 1812 θνητὸς]
1219 1770 1288 1800 ἀλλ’
1301 1771 1329 1800 οὗ
1345 1781 1404 1801 om.
1419 1780 1448 1801 n.
1467 1772 1570 1802 Bekk.
1632 1775 1686 1803 10.

973 1813 1055 1852 οἶμαι
1070 1824 1101 1843 ιι.
1114 1815 1219 1845 Bekk.
1312 1816 1363 1844 13.
1378 1812 1408 1844 ’ἦν
1422 1815 1516 1854 κατὰ]
1533 1813 1562 1845 ἦν
1577 1825 1637 1846 om.
1654 1825 1686 1845 ιι.

975 1856 1078 1887 Bekk.
1146 1860 1197 1887 16.
1214 1856 1328 1891 πλέονος
1348 1867 1379 1887 ιι.
1403 1857 1500 1887 Bekk.
1572 1860 1625 1889 19.
1639 1857 1689 1887 και

974 1899 1117 1940 ἀγαθοὺς]
1136 1900 1284 1938 κᾶγαθους
1300 1911 1329 1929 ιι.
1346 1900 1443 1930 Bekk.

973 1942 1032 1983 μη]
1049 1942 1089 1983 τῇ
1100 1943 1196 1984 γνώμῃ
1214 1954 1242 1973 ιι.
1259 1942 1363 1973 Bekk.

976 1995 1004 2014 u.
1022 1976 1125 2015 Be'kk.

1499 1903 1550 1931 21.
1567 1912 1602 1930 τη
1618 1901 1690 1939 μνῆ-

1421 1945 1472 1974 23.
1488 1933 1593 1984 μόνον]
1599 1942 1691 1983 μόνοις

1020 2029 1052 2058 Ρ.
1073 2031 1145 2059 461.
1164 2033 1192 2059 1.
1218 2028 1266 2057 καὶ
1295 2029 1355 2062 τοῖς
1380 2027 1473 2068 γεγρ]
1500 2039 1561 2062 τοις
1583 2039 1644 2059 om.
1661 2039 1693 2060 ιι.

975 2070 1078 2102 Bekk.
1138 2074 1167 2101 4.
1181 2070 1213 2101 ἐκ
1228 2071 1334 2101 τούτων
1348 2070 1448 2111 ῥᾴδιον]
1465 2071 1497 2100 ἐκ
1509 2071 1617 2101 τούτων
1632 2082 1693 2103 om.

977 2124 1007 2142 u.
1026 2114 1125 2144 Bekk.
1189 2115 1270 2144 ibid.
1291 2113 1475 2155 μιμεῖσθαι]
1500 2113 1692 2155 τεκμέρεσθοιι

977 2156 1006 2185 in
1024 2167 1119 2194 marg.
1136 2168 1167 2187 u.
1235 2159 1264 2187 9.
1279 2157 1387 2186 ταύτην
1401 2157 1450 2187 τὴν
1462 2158 1549 2197 παρ.]
1566 2159 1616 2188 τῆν
1632 2169 1694 2188 om.

978 2210 1009 2228 ιι.
1026 2200 1124 2229 Bekk.
1185 2201 1236 2230 13.
1259 2198 1291 2229 ἔκ
1311 2200 1418 2229 τούτων
1442 2199 1521 2238 τοὺς]
1541 2198 1573 2229 ἐκ.
1587 2200 1693 2231 τούτων

977 2253 1034 2271 om.
1053 2253 1082 2273 u,
1101 2242 1200 2273 Bekk.
1265 2245 1317 2274 90.
1333 2240 1461 2282 λέληθεν]
1477 2241 1598 2277 λέληθας
1616 2244 1645 2273 b.
1662 2253 1693 2274 u.

981 2295 1010 2314 v.
1027 2285 1128 2315 Bekk.
1190 2290 1293 2325 antep.
1309 2287 1466 2323 φιλοπονεῖν
1488 2284 1692 2327 ἐπεχείρησας]

980 2329 1068 2358 πονεῖν
1083 2327 1297 2368 ἐπικεχείρηκας
1314 2339 1343 2356 ιι.
1362 2327 1467 2357 Bekk.

1024 2371 1062 2400 P.
1080 2373 1155 2402 462.
1171 2375 1201 2402 4.
1225 2369 1452 2409 ἀγωνιζομένοις]
1480 2369 1696 2410 ἁμιλλωμένοις

980 2410 1284 2444 u.13ekk.5.01‘5v
1298 2411 1380 2453 ἐστι]
1397 2410 1438 2442 οὖν
1454 2412 1528 2452 ἔργον
1544 2423 1574 2443 ιι.
1590 2413 1695 2445 Bekk.

980 2459 1010 2486 6.
1030 2456 1079 2485 και
1101 2455 1208 2497 λέγειν]
1234 2457 1281 2485 καὶ
1305 2466 1367 2486 om.
1382 2466 1412 2485 u.
1433 2456 1538 2486 Bekk.
1605 2458 1636 2486 9.
1651 2455 1698 2486 τᾶν

979 2499 1080 2540 α’λλον]
1095 2512 1141 2530 τον
1157 2499 1237 2529 λοιποὶ
1239 2511 1250 2528 ν
1266 2509 1296 2529 ιι.
1307 2499 1409 2528 Bekk:
1477 2501 1528 2528 11.
1542 2499 1593 2539 ὡς]
1611 2496 1648 2528 οἶν
1666 2500 1696 2529 b.

981 2553 1011 2572 v.
1072 2546 1123 2573 12.
1137 2540 1290 2573 πλείστων
1304 2553 1362 2581 κυρ.
1356 2541 1379 2582 .]
1395 2539 1542 2571 πλείστων
1551 2541 1599 2571 και
1610 2540 1697 2581 μεγί-

979 2596 1057 2614 στων
1072 2597 1131 2625 nvp.
1144 2597 1172 2615 ιι.
1191 2584 1292 2615 Bekk.
1364 2586 1414 2614 14.
1441 2582 1478 2612 ὦν
1497 2583 1593 2617 αὐτοῖς
1615 2595 1644 2614 ιι.
1662 2583 1697 2614 ὧν

979 2627 1066 2661 αἰτός
1082 2628 1182 2658 Bekk.
1244 2630 1295 2658 15.
1310 2626 1368 2656 ἀπὸ
1383 2625 1460 2668 Δ.]’
1451 2637 1482 2656 εκ
1500 2633 1535 2657 Δ.
1553 2637 1583 2657 ιι.
1597 2628 1694 2658 Bekk.

981 2674 1031 2701 16.
1048 2671 1070 2700 εἰ
1085 2672 1144 2712 μὴ]
1161 2671 1183 2700 εἴ
1198 2681 1258 2700 οιιι.
1272 2681 1300 2700 ιι.
1311 2669 1415 2700 Bekk.
1468 2674 1570 2708 antep.
1582 2669 1645 2710 ἐὰν]
1663 2671 1696 2702 ἂν

980 2723 1011 2743 ιι.
1070 2714 1244 2745 Subsoribit
1261 2723 1291 2742 u.
1305 2712 1435 2753 εὖαγόρας
1450 2722 1456 2742 :
1474 2711 1611 2746 ἑλικώνιος
1626 2712 1696 2754 ἅμα

979 2758 1030 2786 τῶι
1044 2756 1154 2796 ἑταίρωι
1170 2755 1339 2788 sonabam..
