1924 3314
330 213 408 255 158
890 215 1205 256 PRAEFATIO

325 315 429 360 bam,
458 316 496 351 in
517 315 641 365 capite
667 320 731 356 39.
750 317 878 356 delere
897 319 1016 356 voluit
1035 318 1150 356 verba
1181 320 1242 355 οὐκ
1267 318 1401 360 ἐκεῖνος
1420 320 1538 364 ζητεῖν
1568 318 1755 367 ἐπάρχειν,

323 375 426 424 quia,
448 388 535 424 quae
555 375 619 414 hic
641 385 854 425 narrentur,
874 386 962 430 post
979 379 1189 424 evenerint,
1209 391 1321 429 quam
1349 379 1606 430 Panegyricus
1630 378 1756 416 editus

321 434 447 485 fuerit,
468 436 613 487 quippe
645 440 712 488 qui
737 441 924 490 prodierit
944 446 1052 478 sexto
1081 447 1146 478 aut
1175 440 1338 490 septimo
1364 453 1464 476 anno
1494 440 1581 478 belli
1610 440 1661 477 ab
1689 441 1759 477 Ar-

321 502 474 534 taxerxe
510 498 717 538 Mnemone
756 514 845 539 cum
885 502 1060 551 Evagora
1097 501 1207 551 gesti.
1283 503 1336 538 At
1372 500 1505 550 quidni
1534 508 1756 546 statuamus,

321 558 530 597 Isocratem
570 561 628 599 bis
660 562 826 601 edidisse
863 564 1142 614 Panegyricum
1183 564 1333 614 aliaque
1370 563 1408 600 in
1447 564 1576 612 priori,
1611 563 1685 602 alia
1717 564 1755 600 in

320 620 524 669 posteriori
556 621 788 661 editionibus
817 624 1017 662 narrasse?
1053 625 1192 662 Judico
1210 625 1340 674 igitur,
1359 637 1460 668 eum,
1486 637 1571 662 cum
1593 622 1755 674 primum

320 680 467 729 publici
490 680 591 730 juris
620 683 763 722 faceret
786 684 1081 735 Panegyricum,
1107 685 1260 729 dixisse,
1283 699 1407 735 regem
1437 685 1636 723 Persarum
1667 698 1753 723 cum

320 741 502 793 AEgypto,
523 756 612 793 quae
642 745 861 796 defecisset,
884 747 1086 784 bellantem
1114 746 1302 785 infelicem
1329 747 1457 794 fuisse,
1476 753 1513 784 et
1536 746 1624 784 huic
1653 747 1754 784 cala-

316 803 440 840 mitati
467 804 706 853 subjunxisse
735 807 1019 857 expeditionem
1047 807 1229 845 adversus
1258 808 1470 858 Evagoram
1498 813 1586 857 post
1613 807 1752 844 malum

315 862 391 901 hoc
416 872 648 915 susceptam,
677 880 805 916 quam,
837 869 1018 917 quoniam
1051 869 1246 919 Evagoras
1281 869 1433 906 tandem
1468 869 1586 906 victas
1620 880 1754 905 manus

316 923 439 971 dedit,
456 925 495 963 in
513 927 714 976 posteriori
734 928 903 966 editione
918 942 1003 966 cum
1027 930 1284 980 Panegyricus
1304 930 1623 980 promulgaretur,
1640 929 1753 966 tertia

314 986 473 1037 AEgypti
491 987 660 1026 defectio
685 990 892 1027 acciderat.
949 993 1159 1040 Suppressa
1186 1004 1275 1029 vero
1300 991 1528 1036 narratione,
1549 991 1662 1040 cujus
1680 990 1752 1027 ini-

317 1047 410 1084 tium
438 1055 496 1086 est
528 1049 634 1088 Μετὰ
654 1057 784 1097 ταῦτα,
804 1065 879 1088 non
912 1051 1018 1089 licuit
1038 1052 1211 1101 superius
1233 1052 1401 1089 scribere
1431 1053 1506 1088 Καὶ
1521 1059 1666 1101 πρῶτον
1683 1053 1753 1102 μὲν

315 1111 532 1157 ἀποστάσης
557 1114 762 1160 Αἰγύπτου,
785 1113 852 1150 sed
887 1113 1108 1162 simpliciter
1135 1116 1210 1151 Καὶ
1227 1114 1442 1160 ἀποστάσης
1464 1115 1668 1162 Αἰγύπτου,
1687 1120 1750 1151 aut

314 1169 550 1218 Ἀποστάσης
569 1176 641 1223 γὰρ
661 1175 867 1222 Αἰγύπτου.
924 1175 1056 1212 Scriba
1076 1187 1179 1220 vero,
1199 1175 1261 1212 cui
1283 1175 1540 1225 Panegyricus
1561 1175 1628 1225 qui
1649 1187 1751 1212 nunc

315 1232 478 1270 habetur
503 1235 699 1271 maximam
720 1241 822 1272 certe
852 1243 997 1285 partem
1019 1236 1197 1286 debetur,
1221 1236 1324 1285 quod
1347 1236 1547 1286 utriusque
1572 1236 1752 1274 editionis

313 1294 585 1345 manuscriptis
615 1296 807 1343 utebatur,
826 1310 864 1333 se
899 1297 993 1334 nihil
1024 1310 1170 1344 eorum,
1192 1292 1280 1347 quae
1309 1297 1346 1334 in
1374 1297 1558 1334 alterutra
1585 1297 1751 1335 editione

250 1365 254 1368 ’
314 1355 543 1404 legerentur,
576 1357 813 1395 omittentem
846 1358 1031 1408 optimum
1065 1372 1161 1408 opus
1198 1358 1441 1396 conditurum
1474 1371 1556 1396 esse
1588 1360 1750 1409 putavit.

315 1418 420 1461 Quid
440 1419 588 1465 mirum,
610 1420 641 1456 si
665 1420 865 1471 diligentia
885 1420 1001 1457 nimia
1020 1421 1181 1470 protulit
1200 1434 1258 1467 ea,
1278 1434 1366 1470 quae
1390 1421 1654 1471 negligentiam
1674 1421 1750 1471 spi-

312 1480 426 1518 rant?
457 1479 532 1517 Sed
552 1493 622 1518 cur
641 1493 716 1517 non
745 1481 906 1518 eandem
928 1483 1156 1518 sententiam
1175 1481 1223 1519 de
1249 1483 1385 1531 capitis
1404 1486 1468 1520 35.
1490 1481 1675 1532 particula
1693 1484 1752 1518 καὶ

313 1542 379 1585 τὴν
397 1539 580 1587 Θηβαίων
600 1564 651 1570 —
668 1546 716 1593 τῷ
745 1542 974 1580 Μακεδόνων
1010 1541 1164 1588 βασιλεῖ
1191 1543 1382 1582 feramus!
1428 1555 1497 1580 cur
1532 1543 1752 1580 dubitemus

312 1615 396 1639 eam
417 1602 467 1639 ab
497 1603 667 1640 Isocrate
697 1604 733 1640 in
764 1604 932 1641 editione
958 1604 1182 1654 panegyrici
1202 1605 1412 1653 posteriore
1432 1604 1612 1654 scriptam
1640 1603 1753 1641 esse?

314 1663 459 1713 Scripsi
477 1664 723 1713 Eisenbergae
741 1664 835 1702 urbe
857 1666 1098 1714 principatus
1117 1665 1433 1716 Altenburgensis
1449 1667 1612 1703 Ioannes
1624 1666 1754 1715 Augu-

313 1731 395 1762 stus
417 1723 669 1762 Godofredus
688 1726 783 1764 Rost
800 1726 1040 1763 Candidatus
1056 1727 1319 1776 Theologiae.''

371 1851 576 1902 Equidem,
596 1858 638 1889 ut
650 1852 731 1901 jam
751 1853 843 1903 quid
870 1854 951 1903 ipse
982 1854 1138 1891 sentiam
1161 1854 1210 1891 de
1239 1855 1310 1891 bac
1338 1866 1376 1890 re
1409 1865 1637 1903 proponam,
1657 1851 1751 1889 nihil

319 1912 454 1950 horum
486 1913 622 1962 probo,
649 1926 867 1964 quanquam
897 1928 1056 1952 acumen
1076 1922 1115 1952 et
1135 1916 1377 1964 sagacitatem
1398 1915 1579 1960 virorum,
1599 1914 1665 1964 qui
1685 1914 1751 1950 has

318 1974 525 2011 sententias
545 1974 724 2021 tulerunt,
747 1976 799 2012 uti
827 1976 954 2021 decet,
974 1977 1101 2013 laudo.
1159 1978 1471 2014 Demonstratum
1498 1981 1556 2013 est
1585 1989 1606 2012 a
1637 1976 1751 2012 Moro

316 2041 407 2072 ante
435 2034 705 2085 Olympiadem
728 2037 1201 2088 XCVIII.Panegyricum
1222 2037 1285 2075 edi
1315 2051 1388 2075 non
1415 2038 1607 2088 potuisse;
1645 2044 1752 2086 patet

318 2097 393 2135 hoc
413 2110 460 2134 ex
485 2097 546 2143 iis,
563 2110 650 2147 quae
671 2098 719 2136 de
743 2100 979 2138 Thimbrone
998 2108 1037 2138 et
1059 2100 1279 2151 Dercyllida
1300 2114 1333 2138 c.
1351 2104 1417 2146 40,
1436 2100 1618 2150 Agesilao
1636 2114 1672 2137 c.
1686 2103 1751 2145 41,

319 2161 497 2211 Cytheris
512 2175 545 2200 c.
563 2165 625 2199 33.
646 2160 716 2200 cfr.
735 2163 915 2213 Xenoph.
934 2164 1020 2202 hist.
1039 2165 1108 2201 Gr.
1121 2164 1188 2201 IV.
1203 2169 1240 2201 8.
1262 2163 1550 2201 Diodor.Sicul.
1563 2163 1671 2200 XIV.
1684 2167 1749 2200 84.

318 2222 410 2271 Cyri
440 2223 684 2272 expeditione
716 2238 750 2262 c.
775 2230 839 2263 40.
871 2225 1004 2276 proelio
1038 2226 1085 2263 ad
1116 2226 1283 2263 Cnidum
1317 2225 1519 2262 commisso
1545 2238 1579 2262 c.
1600 2228 1663 2264 39.
1684 2228 1749 2263 43.

319 2282 486 2321 Cononis
508 2285 614 2322 obitu
636 2299 669 2323 c.
695 2291 760 2324 41.
780 2299 874 2336 pace
902 2287 1120 2325 Antalcidae
1141 2301 1175 2324 c.
1195 2290 1259 2325 33.
1280 2291 1344 2324 34.
1366 2290 1426 2326 47.
1450 2293 1488 2324 et
1515 2294 1658 2337 praeter
1677 2287 1750 2324 alia

319 2344 368 2382 de
396 2346 579 2396 Evagorae
601 2348 701 2385 bello
730 2362 815 2386 cum
846 2351 1054 2386 Artaxerxe
1082 2350 1289 2386 Mnemone
1319 2355 1531 2386 narrantur.
1587 2347 1664 2385 Sed
1695 2347 1751 2385 his

319 2407 440 2444 missis
461 2408 508 2444 ad
529 2421 572 2445 ea
586 2410 820 2459 progrediar,
844 2410 891 2448 de
911 2411 1051 2460 quibus
1069 2423 1143 2448 non
1165 2412 1356 2456 convenit.

371 2468 538 2506 Primum
558 2470 693 2520 loquar
707 2471 755 2508 de
769 2472 925 2523 AEgypti
940 2472 1170 2517 defectione,
1187 2485 1274 2521 quae
1288 2486 1324 2509 c.
1339 2476 1402 2509 39.
1419 2478 1749 2510 commemoratur.

319 2530 454 2567 Morus
473 2531 569 2569 hanc
589 2532 749 2569 eandem
777 2547 860 2571 esse
889 2534 1049 2585 putavit,
1070 2546 1185 2584 quam
1220 2534 1411 2572 Diodorus
1432 2535 1457 2571 l.
1479 2535 1566 2572 XV.
1584 2541 1748 2580 enarret,

318 2598 358 2629 et
389 2605 502 2641 quam
530 2599 701 2630 secutum
734 2595 782 2632 sit
802 2595 944 2633 bellum
976 2596 1250 2647 gravissimum,
1276 2597 1313 2633 in
1334 2609 1411 2646 quo
1431 2596 1507 2633 dux
1533 2602 1613 2633 erat
1634 2596 1748 2633 Phar·

319 2654 502 2692 nabazus.
565 2655 640 2692 Sed
663 2669 777 2704 quum
801 2657 873 2694 hoc
897 2667 1042 2707 gestum
1071 2659 1118 2695 sit
1139 2658 1382 2708 Olympiadis
1410 2658 1476 2695 el.
1496 2671 1596 2695 anno
1623 2658 1748 2704 tertio,

320 2716 596 2766 Panegyricum
619 2724 743 2754 autem
765 2718 827 2756 Ol.
850 2719 1040 2757 XCVIII.
1056 2732 1089 2756 a.
1109 2724 1146 2757 4.
1167 2719 1310 2756 editum
1341 2732 1422 2756 esse
1444 2726 1566 2767 putet,
1595 2731 1746 2756 omnem

320 2777 420 2814 hunc
443 2778 564 2815 locum
582 2778 766 2827 spurium,
785 2780 834 2816 ab
854 2780 975 2817 aliena
996 2794 1107 2818 manu
1127 2781 1322 2825 insertum,
1343 2779 1509 2829 ideoque
1529 2779 1746 2817 rescinden-

318 2837 408 2876 dum
431 2846 574 2883 censet,
597 2839 631 2875 in
656 2852 731 2888 qua
752 2852 790 2875 re
806 2841 1101 2891 adstipulantem
1123 2842 1236 2879 habet
1257 2840 1467 2891 Langiurn.¹
1525 2840 1746 2879 Wielandus

362 2917 370 2935 ¹
395 2918 431 2948 L.
456 2928 649 2947 commemor.
681 2928 711 2956 p.
738 2921 786 2948 14.
821 2923 840 2935 ‘¹
876 2919 931 2948 Mic
962 2920 1000 2948 de
985 2931 1017 2949 er
1052 2920 1101 2949 ‹lie
1130 2921 1255 2949 letztere
1283 2919 1335 2948 mit
1369 2918 1554 2954 Klmnrnern,
1576 2920 1647 2958 jeue
1677 2921 1747 2950 aber

318 2960 431 2990 andern
448 2961 560 3001 (Stelle
576 2971 603 2989 c.
623 2963 674 2991 132.)
679 2960 693 2999 )
709 2962 781 2990 aber
804 2962 852 2989 luat
876 2973 908 2990 es
927 2963 1015 2991 weni-
1054 2963 1134 2992 nicht
1150 2962 1243 2992 damit
1261 2961 1365 2991 verse-h
1360 2972 1385 2990 iu
1402 2960 1483 2990 bat.’'

319 3013 371 3041 ger
393 3003 637 3043 Sobwierigkeit,
663 3004 756 3033 daher
781 3014 835 3032 auc
841 3005 857 3032 b
891 3005 1016 3033 Morus
