1924 3314
36 1034 114 1073 Pag.

65 1078 116 1108 ed.

10 1120 117 1160 steph.

63 1167 118 1202 26

834 551 890 594 Γ.

475 668 844 717 ΙΣΟΚΡ

885 669 1274 718 ΑΤΟΥΣ

641 791 1087 840 ΝΙΚΟΚΛΗΣ

330 919 373 961 Η
438 917 1398 962 ΣΥΜΒΟΤΛΕΎΤΙΚΟΣ.

1616 1022 1696 1062 Pag.

1615 1067 1667 1096 ed.

1614 1109 1688 1140 Cor.

207 1138 266 1195 α’.
308 1150 434 1194 ΕΙΣΙ
463 1164 573 1200 τινες
593 1138 636 1193 οἳ
652 1137 880 1201 δυσκόλως
906 1140 1061 1209 ἔχουσι
1082 1140 1187 1219 πρός
1207 1142 1310 1203 τούς
1329 1141 1489 1211 λόγους
1515 1144 1596 1199 καὶ
1614 1154 1666 1190 23

132 1213 458 1289 ὃιαμέμφονται
492 1215 594 1275 τούς
627 1215 994 1281 φιλοσοφοῦντας,
1030 1216 1110 1269 καὶ
1151 1216 1286 1281 φασὶν
1319 1218 1483 1279 atii-005¹
1517 1220 1596 1273 οῦκ

175 1338 465 1370 SUMMARIUM.
483 1337 555 1379 (α’.)
567 1337 756 1369 Prooemium.
772 1339 845 1369 Eto-

133 1382 268 1422 quentia,
276 1383 317 1412 ob
326 1382 389 1412 vile
399 1383 518 1412 lucrum
526 1382 607 1421 qnod
617 1381 701 1411 illius
714 1381 845 1412 studiosi

133 1426 204 1456 inde
220 1425 348 1462 faciunt,
363 1435 422 1454 non
440 1430 485 1455 est
503 1425 714 1464 vituperanda.
743 1426 846 1464 Majus

135 1469 214 1498 enim
243 1469 435 1498 commodum
464 1478 504 1498 ex
531 1468 661 1507 agendo,
691 1477 781 1507 quam
806 1478 845 1497 ex

134 1511 288 1551 loquendo
312 1511 460 1541 nascitur.
500 1511 619 1540 Deinde
648 1511 766 1550 qnaevis
792 1511 846 1540 hu-

134 1564 224 1584 mana
244 1554 325 1584 actio
348 1553 540 1583 commodum
567 1553 692 1593 aliquod
715 1558 846 1593 spectat.

135 1596 213 1637 (β’.)
236 1597 339 1634 Quare
356 1596 512 1626 hominum
534 1595 654 1632 vitium,
672 1606 732 1635 quo
755 1598 847 1627 rebus

137 1640 264 1670 utilibus
278 1641 456 1676 abutuntur,
471 1649 531 1669 non
546 1650 613 1669 esse
631 1640 668 1669 ad
685 1649 732 1669 res
749 1644 846 1669 trans-

136 1683 303 1713 ferendum.
333 1684 410 1721 Quae
432 1682 642 1721 distinguendi
662 1682 849 1722 negligentia

135 1726 220 1762 fecit,
237 1731 271 1755 ut
286 1726 408 1760 bonum,
425 1735 485 1765 quo
500 1731 606 1756 natura
622 1725 710 1755 nobis
727 1725 848 1755 dederit

135 1768 291 1808 egregiius
320 1768 448 1804 nullum,
475 1768 548 1797 odio
578 1773 846 1807 persequerentur.

134 1810 207 1852 (γ’.)
238 1812 390 1849 Quantam
411 1811 474 1841 vim
494 1811 572 1840 ratio
592 1815 683 1850 atque
702 1811 800 1840 oratio
815 1811 846 1840 in

135 1854 293 1884 hominum
318 1854 414 1885 vitam
440 1854 611 1890 habuerint,
638 1859 669 1883 et
697 1853 749 1893 qui
783 1854 846 1883 sru-

134 1902 205 1928 ctus
215 1897 358 1937 quotidie
369 1897 440 1927 inde
449 1898 587 1933 redeant,
598 1897 641 1926 ita
654 1903 688 1927 ut
701 1896 846 1933 omnium,

136 1951 204 1979 quae
231 1940 349 1970 ratione
373 1940 580 1980 perficiantur,
601 1940 700 1970 oratio
724 1940 788 1969 dux
816 1945 848 1970 et

136 1988 243 2014 auctor
258 1984 396 2013 habenda
413 1983 462 2013 sit.
485 1983 547 2022 Qui
560 1983 654 2022 igitur
664 1984 740 2012 hanc
751 1983 847 2013 facul-

135 2030 229 2056 tatem
247 2027 374 2062 laedunt‚
390 2026 440 2056 isti
461 2027 509 2056 vel
527 2026 744 2056 nefandissima
764 2036 847 2065 quae-

135 2080 196 2108 que
213 2069 402 2099 committere
417 2079 474 2099 non
491 2069 749 2108 dedignabuntur.
774 2070 848 2099 Om-

134 2113 219 2143 nium
241 2117 341 2143 autem
362 2113 530 2143 orationum
552 2112 584 2142 id
606 2123 701 2152 genus
721 2113 849 2152 reliquis

134 2156 266 2195 palmam
281 2156 461 2196 praeripere,
472 2156 554 2195 quod
569 2156 608 2185 de
624 2156 731 2186 officiis
742 2166 848 2195 regum

134 2208 209 2238 erga
230 2199 318 2229 cives
339 2205 371 2229 et
393 2199 508 2229 civium
527 2209 600 2238 erga
619 2199 691 2229 illos
717 2204 848 2230 meneat.

133 2241 205 2284 (δ’.)
234 2242 332 2281 Cujus
344 2242 527 2282 posterioris
543 2242 663 2282 generis
678 2243 756 2272 hanc
771 2253 850 2279 esse,

133 2285 164 2314 in
181 2295 241 2325 qua
259 2285 406 2315 Nicocles
423 2285 553 2326 primum
568 2286 753 2315 monarchiae
769 2297 849 2325 prae-

136 2329 290 2365 stantiam,
306 2329 419 2358 deinde
431 2339 519 2358 suum
535 2329 682 2368 regnandi
695 2330 747 2368 jus
763 2329 849 2359 evin-

134 2381 217 2408 cere,
234 2371 366 2411 denique
388 2376 544 2411 praecepta
564 2373 757 2402 subditorum
775 2383 848 2411 erga

134 2425 237 2454 regern
251 2425 407 2453 exponere
419 2419 558 2445 conatur.
581 2413 647 2454 (ε’.)
669 2415 848 2445 Monarchi-

133 2466 182 2487 am
198 2457 267 2487 aliis
283 2456 405 2497 imperii
424 2458 529 2487 formis
549 2463 696 2497 praestare
715 2459 846 2498 justitia,

128 2501 334 2539 jucunditate,
349 2500 487 2536 lenitate,
504 2511 656 2540 quemque
671 2512 712 2531 ex
727 2502 845 2532 meritis

132 2543 320 2579 honorando,
353 2544 444 2574 utiles
473 2545 512 2573 ab
542 2543 705 2574 inutilibus
736 2544 846 2574 distin-

133 2588 269 2626 guendo,
284 2587 470 2627 postulando
487 2587 631 2626 denique,
647 2592 681 2617 ut
706 2588 770 2623 uni,
787 2598 845 2617 non

132 2629 275 2669 pluribus
304 2635 458 2669 pareatur.
507 2630 669 2660 Excellere
698 2630 789 2660 etiam
817 2631 846 2660 in

132 2674 333 2703 consultando
348 2679 378 2702 et
391 2673 522 2712 agendo.
568 2673 629 2710 Qui
641 2683 770 2703 annuum
783 2684 846 2703 ma-

132 2716 293 2755 gistratum
310 2722 432 2756 gerunt,
448 2715 638 2754 experientia
649 2721 765 2752 carent,
776 2727 846 2747 suc-

132 2759 306 2789 cessorihus
319 2760 388 2789 freti
405 2759 499 2789 multa
511 2759 682 2799 negligunt,
695 2760 754 2789 sibi
766 2759 844 2791 invi-

131 2802 218 2839 dent,
235 2813 336 2833 rerum
353 2803 553 2842 gerendarum
570 2803 747 2833 occasiones
764 2813 844 2842 prae-

132 2845 316 2885 terminant,
331 2847 566 2876 successoribus
584 2846 728 2875 meliores
744 2845 844 2876 videri

133 2887 270 2926 eupiunt,
288 2889 327 2918 de
347 2889 503 2929 republica
522 2895 554 2919 ut
574 2899 607 2918 re
626 2889 726 2918 aliena
744 2889 843 2919 securi

133 2934 213 2961 sunt.
256 2932 541 2962 Audacissimorum
563 2932 677 2962 civium
703 2932 842 2963 consiliis

132 2976 268 3004 utuntur.
283 2974 360 3015 (ς’.)
372 2976 414 3005 Αι
424 2985 484 3005 non
498 2980 613 3005 tantum
628 2975 723 3011 domi,
733 2985 839 3006 verum

129 3015 220 3045 etiam
242 3016 272 3046 in
296 3018 377 3049 bello
395 3019 571 3050 monarchia
590 3018 702 3049 ceteris
724 3019 839 3058 ubique

879 1339 1070 1378 praeferenda
1086 1344 1142 1370 est.
1188 1340 1277 1370 Illam
1295 1341 1374 1372 enim
1392 1341 1506 1372 milites
1521 1343 1595 1373 raci-

880 1382 938 1412 lius
959 1383 1155 1413 conscribere
1176 1394 1268 1423 posse
1290 1385 1391 1426 iisque
1416 1396 1508 1416 unum
1531 1396 1596 1416 me-

879 1425 940 1455 lius
958 1436 1047 1464 quam
1068 1427 1173 1465 plures
1193 1438 1341 1466 praeesse,
1358 1429 1501 1468 exempla
1521 1429 1607 1469 Per-V

881 1478 995 1504 sarum,
1019 1469 1179 1509 Dionysii,
1204 1471 1516 1510 Carthaginiensium,
1536 1473 1595 1502 La-

880 1512 1148 1548 cedaemoniorum,
1179 1518 1211 1543 et
1247 1514 1481 1544 Atheniensium
1520 1515 1596 1545 satis

881 1554 1057 1585 ostendunt.
1087 1556 1201 1586 Omnes
1219 1556 1353 1596 denique
1371 1557 1509 1587 homines
1526 1569 1593 1588 mo-

882 1598 1035 1628 narchiam
1058 1599 1169 1628 ceteris
1192 1610 1372 1639 praeponere
1390 1601 1437 1629 vel
1459 1601 1532 1631 inde
1557 1602 1596 1630 li-

881 1646 964 1679 quet,
983 1641 1062 1680 quod
1076 1641 1137 1671 diis
1151 1642 1228 1681 ipsis
1239 1643 1316 1672 hanc
1329 1643 1450 1682 imperii
1466 1644 1594 1674 formam

881 1683 1062 1723 affingimus.
1091 1683 1160 1725 (ζ’.)
1187 1686 1239 1714 Me
1253 1696 1329 1715 vero
1341 1687 1411 1725 jure
1427 1687 1485 1716 hoc
1500 1698 1594 1726 regno

881 1727 1011 1765 potitum
1027 1737 1107 1763 esse,
1121 1738 1160 1757 ex
1174 1727 1292 1767 origine
1304 1739 1372 1758 mea
1385 1729 1528 1760 facillime
1540 1731 1594 1760 de-

881 1769 1044 1799 monstrari
1060 1775 1175 1809 potest.
1197 1770 1265 1811 (n'.)
1288 1772 1400 1801 Restat
1415 1777 1449 1802 ut
1461 1783 1510 1802 me
1527 1783 1596 1802 esse

881 1812 1007 1851 dignum
1023 1812 1078 1842 illo
1093 1814 1234 1852 probem.
1272 1813 1343 1855 (ΘΖ)
1380 1815 1500 1853 Quodsi
1516 1816 1597 1845 inter

881 1864 987 1884 omnes
1003 1855 1132 1885 virtutes
1149 1857 1348 1896 temperantia
1360 1862 1392 1887 et
1402 1858 1523 1896 justitia
1534 1859 1597 1897 pri-

881 1907 962 1927 mum
979 1898 1081 1927 locum
1102 1904 1265 1939 occupant,
1283 1899 1311 1929 in
1334 1900 1532 1931 restituendis
1549 1912 1597 1932 re-

881 1941 938 1970 bus
954 1945 985 1970 et
999 1940 1128 1972 internis
1142 1946 1172 1971 et
1186 1943 1333 1979 externis,
1345 1947 1423 1982 *quas
1440 1945 1596 1974 turbarum

881 1984 988 2023 plenas
1007 1994 1024 2013 a
1045 1989 1131 2023 patre
1151 1995 1343 2024 acceperam,
1361 1986 1402 2016 nil
1418 1987 1477 2017 nisi
1497 1987 1597 2017 inere-

882 2032 985 2057 menta
1007 2031 1038 2057 et
1062 2028 1239 2058 felicitatem
1266 2029 1404 2059 civitatis
1428 2031 1599 2070 respiciens

879 2071 982 2109 justus
997 2077 1139 2110 repertus
1150 2081 1213 2101 ero.
1238 2072 1366 2102 Tantum
1377 2077 1476 2103 autem
1487 2074 1598 2110 abfuit,

885 2119 917 2143 nt
934 2113 1033 2143 aliena
1050 2121 1240 2153 appeterem,
1256 2119 1289 2144 ut
1311 2115 1402 2145 etiam
1426 2117 1599 2153 redderem,

884 2167 951 2196 quae
964 2157 1038 2186 mihi
1051 2157 1220 2187 hereditate
1231 2158 1431 2194 obvenerant,
1444 2169 1479 2188 ac
1491 2160 1598 2190 multis

883 2200 1004 2230 civibus
1014 2204 1045 2229 et
1054 2201 1171 2230 exteris
1181 2200 1403 2231 benefacerem.
1425 2200 1487 2243 (ι’.)
1509 2204 1599 2232 Tem-

884 2243 1053 2282 perantiam
1081 2243 1112 2272 in
1143 2254 1180 2273 eo
1212 2245 1356 2283 probavi,
1381 2245 1464 2284 quod
1491 2246 1599 2276 alienis

884 2286 1033 2316 uxoribus
1045 2291 1076 2316 et
1089 2286 1191 2326 pueris
1200 2297 1323 2326 semper
1331 2288 1475 2317 abstinui.
1488 2289 1558 2325 Quo
1568 2289 1598 2318 in

884 2339 997 2368 genere
1022 2329 1159 2365 virtutis,
1174 2329 1295 2360 civibus
1313 2331 1424 2370 partim
1441 2332 1598 2371 exemplo,

883 2372 996 2411 partim
1012 2372 1042 2401 in
1060 2382 1096 2401 ea
1111 2383 1142 2402 re
1156 2373 1298 2411 superior
1310 2384 1379 2404 esse
1390 2375 1488 2409 volui,
1498 2375 1527 2404 in
1539 2385 1599 2414 qua

883 2415 932 2444 vel
949 2415 1153 2445 laudatissimi
1169 2416 1283 2455 quique
1296 2417 1427 2447 subinde
1443 2417 1598 2453 labuntur,

882 2457 956 2487 nihil
971 2458 1184 2489 detestabilius
1199 2465 1297 2495 ratus,
1318 2460 1391 2490 laesa
1411 2461 1471 2490 fide
1492 2461 1599 2502 conju-

882 2499 956 2540 gali,
971 2501 1164 2531 sanctissime
1180 2502 1314 2532 omnium
1331 2504 1492 2533 servanda.
1528 2505 1598 2534 Hac

880 2544 1031 2583 neglecta,
1061 2544 1225 2575 discordiae
1247 2556 1283 2575 ac
1305 2546 1474 2576 seditiones
1492 2547 1599 2577 dome-

881 2587 967 2616 sticae
985 2587 1133 2624 oriuntur,
1154 2589 1281 2627 regibus
1296 2599 1384 2628 aeque
1404 2600 1439 2619 ac
1462 2590 1597 2629 publicae

880 2630 1026 2661 vitandae.
1066 2631 1144 2661 Ideo
1160 2642 1282 2671 quoque
1299 2633 1328 2662 in
1345 2633 1545 2672 procreandis
1559 2633 1596 2663 li-

882 2673 964 2702 beris
982 2675 1021 2704 ab
1036 2674 1163 2705 aliorum
1182 2685 1287 2714 regum
1307 2676 1527 2706 cousuetudine
1548 2687 1597 2706 se-

881 2717 975 2752 cessi,
993 2717 1156 2756 genuinam
1177 2723 1293 2748 tantum
1314 2719 1453 2749 sobolem
1470 2729 1595 2758 procre-

880 2759 987 2789 andam
1007 2771 1078 2790 esse
1103 2766 1187 2791 ratus
1210 2771 1322 2800 easque
1346 2761 1520 2800 seligendas
1544 2772 1596 2792 vo·

879 2802 1024 2842 luptates,
1041 2813 1100 2834 non
1123 2814 1193 2843 qnae
1210 2804 1338 2834 multum
1356 2805 1469 2834 laboris
1489 2810 1519 2834 et
1540 2814 1595 2843 pa-

878 2855 944 2875 rum
957 2845 1056 2877 laudis
1072 2847 1228 2883 haberent,
1239 2848 1293 2878 sed
1306 2847 1414 2886 gloriae
1424 2847 1594 2886 participes

877 2900 894 2919 e
904 2889 1058 2928 probitate
1070 2891 1166 2920 veluti
1180 2891 1261 2920 ultro
1274 2890 1481 2929 provenirent.
1505 2889 1593 2930 (ια’.)

876 2932 938 2962 Sed
965 2943 1057 2972 quum
1085 2934 1216 2964 virtutes
1242 2939 1304 2963 tum
1331 2933 1460 2966 maxime
1484 2933 1592 2972 explo-

875 2975 978 3005 randae
1002 2975 1074 3012 sint,
1098 2986 1191 3016 quum
1212 2976 1395 3007 difficillime
1422 2985 1590 3005 exercean-

874 3023 936 3055 tur,
951 3019 1092 3058 equidem
1107 3019 1258 3059 justitiam
1273 3020 1302 3050 in
1319 3028 1434 3049 suxnma
1450 3019 1590 3058 penuria,
