1914 3314
242 186 364 241 380
717 192 1205 238 IEOKPATOTZ

245 312 259 337 1

270 311 333 378 μὴ
357 308 498 359 κοινῶν
525 306 624 365 τους
642 305 797 371 λόγους
824 305 1067 375 ἐποιούμην,
1085 302 1163 355 καὶ
1183 301 1278 377 περὶ
1298 302 1459 354 τούτων
1480 301 1669 354 ἐκέλευον

243 384 357 452 ὑμᾶς
379 379 564 433 ἑλέσθαι
589 379 804 448 συνέδρους
827 381 852 440 ’ἢ
872 377 1181 447 συγγραφέας,
1199 374 1248 427 δι’
1269 376 1321 427 οἷν
1339 378 1357 427 ὃ
1377 375 1506 446 δῆμος
1529 398 1664 428 κατε·
1687 386 1712 424 d
1730 400 1738 404 ·
1763 405 1770 408 -

819 477 826 494 ¹
851 479 945 507 καινῶν
960 478 995 506 Α.
1013 478 1049 506 C.
1065 476 1098 506 L.

284 553 335 582 Καὶ
366 552 428 591 περὶ
453 550 558 581 τούτων
579 551 667 581 -το
679 551 826 591 πρότερον]
863 550 939 579 Illu-

242 596 363 626 stranda
377 595 441 624 haec
457 601 525 623 sunt
541 605 579 623 ex
597 595 722 623 historia
736 594 941 623 conversionis

241 638 426 669 Athenarum
455 643 590 675 tempore
628 637 941 674 Quadringentorum:

242 690 330 720 quarn
356 680 446 709 refert
468 679 661 718 Thucydides
680 678 770 708 VIII.
795 683 825 707 et
848 688 886 707 ex
907 688 942 707 eo

243 723 463 762 Harpocration
476 732 505 751 v.
515 723 697 760 συγγραφεῖς.
717 722 858 749 Referunt
871 730 943 757 quo-

242 777 300 805 que
320 765 411 794 Diod.
425 765 487 794 Sic.
505 765 607 794 XIII.
625 766 678 797 36,
710 764 848 793 justinus
865 763 901 791 V.
913 764 942 792 3.

242 808 392 847 Taylurus
423 808 451 836 in
483 807 546 835 vita
579 807 677 846 Lysiae
706 809 757 835 Or.
786 807 840 834 Gr.
872 807 943 835 115.

243 850 443 881 Ruhnkenius
469 850 548 878 Diss.
573 850 610 878 de
633 849 821 887 Antiphonte
841 848 876 877 C.
899 849 944 877 Il.

245 896 362 934 Opusc.
379 905 406 932 p.
421 894 599 923 235—240.
623 893 743 920 Summa
755 891 795 919 rei
810 891 872 919 haec
884 897 945 919 est.

246 936 421 967 Alcibiades
444 935 531 964 exsul
551 935 679 963 reditum
697 935 724 962 in
742 934 867 972 patriam
889 933 947 961 sibi

246 989 351 1018 parare
377 979 529 1008 studebat.
565 978 611 1006 Eo
636 977 763 1005 consilio
792 976 854 1014 agit
881 984 947 1003 cum

247 1022 472 1051 Atheniensium
500 1020 640 1054 ducibus,
670 1019 719 1057 qui
751 1028 817 1047 cum
849 1017 948 1046 classe

245 1065 324 1103 apud
336 1064 455 1092 Samum
467 1063 737 1094 commorabantur,
749 1061 847 1099 iisque
857 1061 949 1089 multa

247 1107 403 1146 pollicitus
429 1105 578 1143 significat
607 1105 684 1133 velle
708 1114 740 1134 se
766 1104 795 1132 in
821 1103 947 1141 patriam

248 1149 359 1183 redire,
383 1159 418 1177 ea
441 1147 613 1176 conditione
636 1152 668 1176 ut
688 1147 832 1185 populare
853 1146 946 1184 impe-

248 1193 324 1221 rium
349 1191 378 1220 in
400 1190 594 1228 oligarchiam
622 1195 829 1219 convertatur:
862 1190 948 1226 cujus

249 1245 316 1264 cum
333 1239 362 1263 et
378 1232 437 1271 ipsi
454 1232 557 1271 cupidi
574 1239 687 1267 essent,
701 1242 865 1270 quanquam
888 1231 948 1269 pri-

249 1287 329 1307 mum
347 1280 534 1314 repugnante
556 1274 735 1313 Phrynicho,
751 1275 868 1312 legatus
883 1274 948 1302 mit-

250 1319 323 1349 titur
336 1319 472 1348 Athenas
487 1327 554 1346 cnm
571 1318 636 1346 aliis
654 1317 810 1350 Pisander,
823 1315 872 1354 qui
887 1326 948 1344 rem

242 1360 316 1392 ¹cum
333 1360 447 1400 populo
465 1361 675 1389 communicet.
719 1360 787 1395 Quo
808 1358 895 1387 simul
916 1367 950 1386 ae

252 1404 455 1444 pervenisset,
485 1403 688 1442 populumque
719 1401 892 1431 edocuisset
922 1401 950 1429 in

250 1457 308 1476 uno
338 1446 503 1477 Alcibiadis
528 1446 626 1475 reditu
658 1445 782 1483 positam
810 1453 876 1472 esse
906 1452 950 1471 sa·

251 1491 344 1519 lutem
372 1489 514 1523 civitatis,
545 1488 650 1527 populi
679 1488 804 1516 decreto
830 1485 952 1523 eligitur

253 1543 319 1562 curn
337 1541 443 1561 novem
460 1531 586 1568 collegis
606 1531 643 1559 ad
661 1540 721 1558 rem
740 1529 950 1568 peragendam.

254 1576 368 1605 Decem
399 1574 444 1602 illi
475 1573 602 1602 Athenis
629 1572 756 1611 profecti
787 1571 823 1600 ad
852 1571 952 1599 Tissa-

253 1618 394 1656 phernem
413 1621 443 1645 et
460 1616 659 1650 Alcibiadem,
671 1619 828 1653 postquam
846 1614 954 1642 trustra

252 1670 318 1689 cum
333 1659 370 1688 iis
385 1658 529 1697 egissent,
546 1658 668 1686 Samum
685 1667 717 1686 se
731 1658 901 1685 conferunt:
924 1660 953 1685 et

253 1713 320 1731 cum
335 1700 563 1730 Atheniensium
576 1700 705 1729 dncibns
719 1699 761 1729 ibi
776 1700 954 1734 degentibus

253 1744 324 1783 ipsi,
340 1744 418 1773 nulla
435 1744 563 1781 amplius
580 1743 748 1772 Alcibiadis
769 1742 882 1771 ratione
905 1742 954 1771 lra-

253 1788 329 1823 bita,
346 1786 503 1815 consilium
520 1786 643 1824 capiunt
658 1796 820 1824 paucorum
838 1784 955 1823 imperii

253 1828 468 1859 constituendi.
495 1828 572 1857 Mox
589 1830 693 1858 decem
711 1838 747 1857 eo
764 1827 892 1856 consilio
909 1827 955 1856 di-

253 1873 426 1906 mittuntur,
440 1872 571 1910 quinque
584 1871 619 1900 ad
630 1868 748 1900 insulas
761 1877 789 1899 et
803 1871 955 1908 snhjectas

254 1915 408 1950 civitates,
437 1914 580 1952 quinque,
604 1915 632 1943 in
661 1914 770 1952 quibus
799 1914 956 1947 Pisander,

256 1958 403 1988 Athenas.
444 1957 483 1985 t-ti
500 1966 561 1985 rem
575 1958 636 1995 jaun
652 1957 713 1985 fere
729 1967 743 1984 a
760 1956 853 1985 sociis
871 1966 956 1994 pera-

256 2008 346 2036 ctam,
362 2006 391 2029 et
407 1999 580 2038 popularem
598 2000 672 2038 reip.
688 2000 809 2028 formam
826 1999 956 2028 dissolu-

256 2048 315 2073 tam
350 2043 512 2081 reperiunt.
560 2042 626 2071 Hac
657 2052 754 2071 rerum
785 2041 957 2070 conditione

257 2087 356 2115 statim
396 2086 509 2124 reliqua
547 2086 691 2123 perficere
733 2084 958 2118 aggrediuntur.

256 2129 402 2162 Primum,
419 2134 583 2157 convocata
601 2127 704 2166 populi
721 2127 876 2161 concione,
893 2137 957 2155 sen·

256 2172 379 2200 tentiam
403 2171 524 2200 dicunt:
553 2169 619 2199 δέκα
639 2170 732 2206 ἄνδρας
753 2167 867 2199 ἑλέσθαι
892 2169 959 2208 ξυγ-

258 2213 382 2252 γξαφὲας
409 2213 621 2252 αὐτοκράτορας·
646 2212 759 2243 τούτους
785 2211 811 2240 δὲ
837 2210 959 2250 ξυγγρά-

260 2254 373 2292 ψαντας
401 2256 511 2293 γνώμην
535 2254 682 2292 ἐσενεγκεῖν
707 2253 733 2288 ἐς
758 2251 803 2283 τᾶν
827 2254 912 2292 δῆμον
934 2252 961 2287 ἒς

261 2296 362 2336 ἡμέραν
375 2298 464 2338 ῥητὴν,
478 2297 548 2326 καθ’
564 2297 586 2331 δ’,
600 2310 628 2327 τι
644 2299 748 2336 :agre-ra
764 2298 777 2326 ἦ
795 2295 877 2331 πόλις
891 2296 961 2326 eimi-

260 2351 357 2370 σεται.
396 2340 515 2375 Postea,
538 2342 586 2369 uhi
613 2341 679 2370 dies
704 2341 753 2368 ille
777 2340 961 2374 advenisset,

261 2382 370 2412 iterum
393 2390 557 2412 convocata
575 2383 729 2415 concinne,
746 2382 816 2411 nihil
835 2382 913 2411 aliud
930 2382 960 2411 in

262 2426 394 2455 medium
422 2426 553 2454 referunt
582 2426 632 2455 isti
663 2425 845 2464 ξυγγραφεῖς,
875 2435 960 2460 quarn

263 2467 346 2498 licere
359 2468 516 2507 unicnique
531 2469 689 2508 c1'm'‚qnum
703 2471 782 2502 vetit,
794 2468 963 2496 sententiam

263 2511 365 2540 dicere.
389 2511 464 2539 Tum
487 2510 582 2549 palan·
601 2521 704 2540 ornnes
722 2511 897 2540 sententiam
917 2510 963 2539 di·

264 2559 346 2588 cunt,
371 2558 489 2582 veteres
516 2554 706 2589 magistratus
731 2564 797 2582 esse
819 2554 963 2589 abrogan-

264 2595 334 2631 dos,
363 2605 524 2633 eorumque
555 2595 621 2624 loco
653 2596 807 2631 eligendos
833 2595 964 2634 quinque

263 2638 358 2670 viros.
374 2638 472 2667 dictos
484 2637 698 2677 W2053<0v51l¹08
709 2645 827 2667 centurn
839 2639 964 2675 eligere,

263 2686 292 2710 et
314 2681 417 2710 horum
438 2687 554 2710 centurn
577 2691 815 2718 unumquemque
831 2682 886 2710 sibi
906 2688 964 2711 tres

256 2723 339 2753 alios
364 2723 553 2758 adsciscere;
587 2734 700 2757 ornnes,
731 2724 965 2762 quadringentos

262 2775 398 2800 numere,
409 2767 517 2795 curiam
529 2763 579 2804 (τὸ
589 2766 789 2804 βουλευτήριον)
801 2768 965 2803 ἰιιιῑτεεεοε,

263 2807 357 2848 ἄρχειν
371 2807 421 2838 δ’πη
436 2807 470 2836 εἴν
491 2809 596 2847 ἄριστα,
611 2809 777 2845 γινώσκουσιν
796 2810 965 2848 αὐτοκράτο-

264 2861 320 2889 ρας.
354 2851 422 2881 Vid.
441 2851 633 2889 Thucydides
653 2852 744 2880 VIll.
760 2853 886 2883 47—49
914 2855 964 2882 53.

263 2896 316 2924 54.
328 2895 522 2925 56.63—68.
547 2894 710 2923 Constituti
723 2899 789 2922 sunt
802 2894 852 2922 isti
862 2895 966 2925 CCCC

265 2937 395 2977 septimo
414 2947 489 2968 anno
504 2942 572 2967 ante
589 2936 691 2966 XXX
711 2942 850 2975 tyrannos
867 2942 896 2966 et
913 2948 966 2976 per

267 2980 312 3008 lv
339 2990 454 3010 menses
482 2979 658 3018 reipublicae
686 2979 881 3017 proefuernnt,
913 2981 964 3008 do-

973 554 1058 579 cente
1086 548 1292 585 VVesselingio
1327 549 1363 577 ad
1403 547 1533 577 Simsoni
1561 547 1673 577 Chrou.

974 603 1004 631 p.
1018 595 1092 623 777.
1114 594 1179 623 ,lam
1195 592 1274 620 nulla
1286 590 1344 619 alia
1357 590 1514 619 difficultas
1526 595 1675 628 superest,

975 646 1061 674 quam
1081 636 1160 673 quod
1182 636 1333 663 Isocrates
1350 638 1493 662 memoret
1508 632 1644 671 συνέδρους
1658 631 1673 662 ἢ

976 676 1169 717 συγγξαφὲας,
1191 676 1386 714 Thucydides
1411 675 1520 704 nnllam
1547 673 1676 714 συνέδρων

979 721 1156 749 mentionem
1180 720 1276 748 facere
1293 718 1439 747 videatur.
1468 716 1678 755 Thucydideis

977 768 1144 801 repugnant
1164 772 1230 800 quae
1247 761 1329 790 addit
1346 761 1383 790 iis
1403 762 1549 799 Harpocr.
1563 757 1634 789 iis-ar
1649 757 1678 788 δὲ

979 807 999 835 οἱ
1016 805 1070 843 μὲν
1089 806 1192 836 πάντες
1210 805 1380 843 συγγξαφεῖς
1402 803 1549 842 τριάκοντα
1569 802 1590 831 οἱ
1611 801 1678 831 τότε

979 848 1132 887 αἱρεθέντες
1153 846 1226 876 καθὰ
1251 847 1332 883 φησὶν
1351 844 1514 884 Ἀνδρωτίονι
1539 854 1573 873 τε
1593 843 1641 873 καὶ
1666 844 1680 873 ὅ

980 891 1132 930 Φιλόχορος,
1145 890 1271 927 ἑκάτερος
1286 887 1310 917 ἐν
1325 889 1362 928 τῇ
1377 887 1501 917 Ἀτθίδι·
1511 896 1601 925 qnare
1612 887 1680 925 ipse

980 935 1118 969 subjicit:
1143 933 1154 961 ὁ
1176 931 1202 960 δὲ
1223 929 1381 963 Θουκυδίδης
1400 933 1454 959 τῶν
1473 928 1537 958 δέκα
1556 928 1679 967 ἒμνημὸ·

979 985 1052 1004 νευσε
1071 974 1148 1013 μόνον
1163 976 1217 1002 τῶν
1232 972 1396 1012 προβούλων.
1421 972 1589 1012 Προβούλους
1604 981 1681 1001 nunc

983 1023 1081 1051 vocat,
1096 1027 1170 1054 quos
1186 1016 1378 1053 Thucydides
1395 1014 1562 1054 ξυγγραφεῖς
1578 1014 1678 1051 dixit3

982 1066 1011 1090 et
1030 1070 1135 1089 revera
1161 1069 1217 1088 non
1239 1058 1290 1087 alii
1310 1063 1395 1087 eraut
1417 1068 1502 1096 quam
1524 1056 1680 1095 πξόΒουλσι,

981 1103 1094 1142 qnippe
1110 1103 1190 1131 nulla
1210 1101 1389 1129 decernendi
1409 1099 1587 1129 auctoritate
1606 1109 1680 1138 prae-

982 1147 1048 1181 diti,
1066 1145 1270 1174 tantummodo
1286 1144 1447 1180 quoddam,
1464 1147 1496 1171 ut
1512 1142 1550 1171 ita
1570 1141 1680 1178 dicam,

982 1189 1178 1229 προβούλευμα
1194 1187 1231 1216 de
1246 1186 1370 1215 civitate
1389 1185 1552 1215 ordinanda
1567 1184 1603 1213 ad
1625 1194 1681 1223 po-

983 1233 1082 1270 pulum
1105 1231 1216 1260 referre
1238 1229 1397 1257 debebant.
1426 1228 1565 1256 Valesius·
1579 1237 1611 1265 p.
1626 1229 1680 1258 71.

983 1274 1252 1313 Harpocrationem
1265 1271 1446 1300 confundere
1458 1271 1547 1300 docet
1561 1269 1683 1310 ξυγγρα-

982 1319 1053 1355 φεῖς,
1080 1326 1202 1355 quorum
1233 1314 1367 1343 meminit
1395 1313 1602 1351 Thucydides,
1632 1314 1685 1352 qui

984 1360 1099 1398 priores
1111 1365 1177 1387 ante
1193 1357 1296 1387 CCCC
1311 1356 1401 1385 electi
1413 1362 1567 1391 sunt‚cum
1581 1357 1687 1386 XXX

984 1402 1046 1431 illis
1069 1401 1271 1440 συγγραφεῦσι,
1288 1409 1413 1437 quorum
1438 1399 1609 1427 meminisse
1627 1400 1686 1428 An-

985 1444 1153 1473 drotionem
1183 1443 1272 1475 dicit,
1299 1441 1449 1479 aliosque:
1484 1450 1549 1469 nam
1580 1440 1688 1471 XXX

984 1487 1052 1517 tuos
1067 1486 1239 1524 συγγραφεῖς
1251 1493 1304 1513 eos
1319 1493 1386 1512 esse
1399 1483 1448 1521 qui
1465 1488 1571 1521 postea
1582 1483 1689 1514 XXX

985 1530 1102 1568 tyranni
1126 1527 1286 1560 evaserint,
1306 1536 1432 1564 cumque
1451 1526 1618 1564 ξυγγραφεῖς
1636 1529 1691 1556 τῶν

986 1572 1073 1611 νόμων
1094 1571 1182 1601 electi
1205 1574 1316 1603 essent,
1338 1569 1446 1598 nullam
1469 1574 1566 1598 tamen
1593 1569 1690 1607 legem

988 1615 1120 1648 tuterint,
1140 1619 1216 1643 teste
1239 1613 1442 1650 Xenophonte
1459 1612 1494 1641 L.
1512 1611 1556 1641 lI.
1594 1612 1690 1641 Porro

989 1657 1160 1697 Etymologi
1185 1666 1314 1685 errorem
1340 1659 1433 1690 notat,
1456 1653 1602 1684 tradentis
1623 1655 1692 1685 eosss

989 1702 1056 1730 dem
1073 1701 1175 1729 decem
1191 1699 1363 1737 συγγραφεῖς
1377 1698 1476 1726 dictos
1492 1697 1580 1726 etiam
1596 1697 1691 1727 fuisse

988 1743 1169 1780 καταλογεῖς,
1193 1742 1313 1770 laudato
1334 1740 1428 1769 Suida
1452 1740 1480 1768 in
1507 1739 1690 1777 καταλογεύς.

991 1787 1078 1823 Quod
1097 1786 1122 1814 si
1139 1786 1181 1814 ita
1197 1785 1247 1818 sit,
1259 1794 1325 1812 curn
1343 1793 1379 1812 eo
1390 1782 1512 1816 errevit,
1524 1783 1573 1820 qui
1586 1783 1692 1813 eadem

990 1830 1052 1858 fere
1077 1829 1178 1862 habet,
1204 1826 1424 1856 Grammaticus
1449 1824 1582 1856 Bekkeri
1605 1825 1642 1854 V.
1664 1825 1691 1856 Ι.

990 1883 1022 1911 p.
1038 1873 1110 1902 301.
1126 1876 1156 1900 et
1171 1871 1242 1901 270.
1278 1869 1351 1904 Sed,
1377 1868 1456 1906 qnod
1483 1867 1605 1907 majoris
1629 1879 1692 1898 rno-

991 1914 1080 1944 menti
1095 1919 1151 1948 est,
1164 1923 1179 1941 e
1192 1912 1282 1940 Suida
1298 1917 1327 1940 et
1343 1909 1464 1940 aliunde
1480 1910 1624 1946 ostendit,
1639 1912 1694 1940 de·

991 1968 1054 1986 cem
1080 1957 1138 1985 illis
1161 1955 1235 1984 alios
1258 1954 1376 1984 additos
1396 1964 1463 1982 esse
1490 1953 1554 1982 XX
1579 1953 1694 1992 προβού-

991 2005 1064 2035 λους,
1081 2009 1203 2038 qnorum
1221 1998 1270 2036 qni
1286 1998 1333 2026 fiat
1348 2001 1378 2025 nt
1392 1996 1472 2025 nulla
1481 1996 1560 2034 apud
1573 1996 1693 2035 Thucy-

991 2043 1090 2072 didem
1123 2042 1234 2070 mentio
1256 2040 1437 2079 reperiatur,
1465 2038 1604 2077 equidem
1634 2043 1695 2068 sta-

991 2091 1074 2114 tuere
1099 2094 1155 2113 non
1185 2093 1325 2122 possum:
1358 2083 1409 2111 sed
1437 2081 1506 2110 hinc
1532 2080 1696 2111 forte'isui

992 2128 1070 2166 apud
1090 2127 1271 2164 Harpocrat.
1288 2125 1444 2164 προβούλων
1463 2123 1626 2163 appellatio
1648 2135 1694 2154 ro·

992 2170 1131 2208 petenda.
1156 2168 1312 2205 Quidquid
1331 2168 1416 2204 hujus
1430 2166 1479 2201 sit,
1496 2176 1552 2195 non
1569 2166 1694 2196 multum

993 2223 1030 2242 ex
1050 2213 1095 2241 his
1110 2212 1246 2240 omnibns
1268 2209 1449 2248 profecimus
1465 2208 1501 2238 ad
1524 2208 1696 2248 intelligen-

993 2255 1076 2287 dum.
1092 2254 1210 2292 quinam
1225 2252 1331 2282 fuerint
1349 2252 1396 2280 isti
1413 2250 1526 2290 σύνεδροι
1540 2250 1696 2282 Isocratis.

995 2298 1101 2335 Neque
1130 2296 1208 2325 enim
1238 2295 1291 2324 hac
1314 2294 1518 2332 appellatione
1544 2293 1698 2330 designari

994 2346 1045 2369 ant
1070 2349 1133 2372 eos,
1156 2349 1232 2377 quos
1256 2337 1454 2378 'l'hncydides
1478 2335 1625 2376 προέδρους,
1646 2340 1698 2366 aut

995 2393 1071 2421 quos
1090 2382 1198 2411 Snidas
1213 2380 1325 2418 aliique
1341 2379 1504 2418 προβούλους
1522 2383 1699 2419 memorant,

996 2424 1159 2454 verisimile
1175 2429 1219 2453 est
1233 2434 1238 2452 :
1264 2424 1341 2461 apud
1357 2423 1524 2452 Isocratem
1538 2431 1609 2450 vern
1620 2421 1697 2451 σννέ-

995 2468 1068 2507 δςους
1088 2468 1116 2496 in
1140 2465 1276 2506 προέδρους
1297 2470 1423 2500 mutare,
1439 2464 1626 2493 temer-rium
1645 2465 1698 2494 sit.

998 2510 1162 2540 D‘Arnand
1199 2511 1243 2538 De
1277 2508 1342 2538 Diis
1374 2507 1514 2537 Paredris
1540 2507 1576 2536 C.
1601 2507 1699 2536 VIII.

997 2564 1026 2594 p.
1039 2557 1089 2583 41.
1105 2553 1274 2589 suspicatur
1285 2551 1450 2581 Isocratem
1465 2549 1625 2588 scripsisse
1636 2560 1700 2579 συν-

998 2597 1083 2636 έδρους
1100 2595 1109 2625 ι’
1124 2593 1315 2633 συγγραφέας.
1332 2594 1423 2623 decem
1443 2592 1547 2621 scribas
1567 2591 1699 2631 collegas.

998 2639 1153 2677 Sagacirer
1167 2638 1288 2676 quidem
1305 2636 1354 2666 ille
1365 2641 1396 2665 et
1408 2634 1572 2673 ingeniose.
1595 2634 1654 2663 Sed
1672 2635 1700 2664 si

999 2687 1134 2712 teneatur
1150 2681 1207 2710 ista
1222 2680 1334 2717 college
1351 2678 1444 2710 notio.
1461 2677 1502 2706 uti
1521 2676 1641 2706 omnino
1656 2682 1700 2707 te-

999 2725 1122 2755 nendam
1141 2734 1207 2753 esse
1222 2723 1286 2761 ipsa
1304 2720 1439 2750 vocabuli
1456 2719 1500 2747 vis
1517 2723 1546 2748 et
1564 2729 1634 2748 usus
1647 2720 1701 2749 do·

999 2772 1086 2798 cent:
1118 2767 1161 2796 sic
1185 2766 1261 2795 enirn
1288 2763 1445 2793 Demosth.
1465 2761 1504 2790 de
1525 2763 1594 2791 Cor.
1610 2761 1636 2800 ᾗ.
1652 2761 1703 2792 m‘.

999 2810 1135 2849 συνέδρους
1160 2806 1225 2837 τῶν
1239 2805 1449 2844 Ἀμφικτυόνων
1471 2804 1573 2839 dixit3
1604 2809 1634 2833 et
1651 2806 1703 2834 ‘sic

1001 2855 1182 2883 vocabantur
1198 2850 1247 2889 qni
1263 2860 1279 2878 a
1297 2849 1386 2878 sociis
1402 2846 1505 2883 Legati
1526 2857 1593 2876 cum
1612 2847 1704 2877 Athe-

1000 2897 1153 2925 niensibus
1165 2894 1204 2922 de
1215 2903 1247 2922 re
1260 2891 1408 2921 communi
1421 2889 1637 2926 deliberabant,
1653 2899 1703 2930 ap.

999 2939 1094 2969 Isoer.
1119 2937 1157 2966 de
1183 2935 1263 2964 Pace
1283 2944 1313 2972 p.
1340 2934 1410 2963 165.
1434 2933 1470 2962 Α.
1490 2942 1549 2971 quo
1575 2932 1704 2968 pertinet

999 2981 1100 3019 glossa
1131 2976 1323 3007 Grammatici
1356 2974 1539 3004 Bekkerinni
1563 2975 1602 3004 V.
1621 2975 1649 3004 1.
1674 2986 1704 3014 p.
