1924 3314
310 179 379 227 58
529 182 617 224 ΕΚ
674 176 1109 229 ΔΙΟΝΥΣΙΟΥ
1162 176 1506 220 ΑΛἸΚΑΡΝ.

312 294 422 337 ἀλλὰ
442 295 536 340 τοὺς
556 293 837 347 εὐτυχοῦντας·
860 292 901 331 ἐν
921 289 1004 342 γὰρ
1022 306 1076 341 τῳ
1087 286 1309 343 ἀκινδύνῳ
1320 291 1403 338 τὴν·
1407 291 1503 331 τῶν
1513 289 1735 344 παρόντων

313 349 478 406 ιἰγαθῶν
505 350 601 390 εἶναι
627 348 821 403 φυλακήν.
843 345 982 387 πολλὰ
1003 341 1042 385 δὲ
1061 348 1125 385 καὶ
1148 344 1258 386 ἄλλα
1283 347 1389 400 πρὸς
1408 348 1502 387 τούτ
1485 365 1566 394 ι-οις
1586 344 1734 393 διεξελ-

312 408 458 454 θῶν,“
437 424 512 447 οσα
533 409 595 446 καὶ
619 408 731 459 κοινῇ
751 408 811 445 καὶ
838 401 915 455 ἰδία
934 405 1019 448 τοῖς
1044 402 1367 455 ἐπιφανεστάτοις
1394 404 1526 445 αυτ-ὦν
1547 404 1734 484 ἐπράχθη

313 463 408 505 κατὰ
427 465 522 510 τοὺς
543 461 744 515 πολέμους
765 457 968 512 λαμπρὰ”
952 475 1063 512 εργα,
1085 462 1146 499 καὶ
1173 460 1273 507 ὅσης
1301 461 1510 514 αἰσχύνης
1527 458 1620 507 ἄξια
1639 458 1738 514 δρά-

314 537 442 566 σουσι,
470 522 532 560 καὶ
561 519 615 566 ὡς
648 516 996 571 διαβληὲῖήσονται
1023 514 1132 569 παρὰ
1160 522 1246 563 τοις
1267 515 1476 564 ’Ἐλλησιν
1502 516 1736 572 ἐπιλογισά-

312 593 447 629 μενος,
478 579 538 616 καὶ
570 577 630 616 ὅτι
662 574 864 614 πάντοθεν
892 572 1030 617 αὐτοῖς
1059 572 1261 626 ἐπικουρία
1287 591 1347 620 τις
1367 573 1474 614 ἐ’σται
1494 575 1571 614 τὸν
1595 573 1737 628 ιἰγὼνα

314 634 567 684 ποιουμένοις
581 634 643 671 καὶ
665 628 771 683 παρὰ
792 625 898 668 Ξῖεῶν
918 630 980 668 καὶ
999 629 1106 682 παρὰ
1128 630 1353 684 συμμάχων
1369 634 1431 670 καὶ
1447 631 1555 684 παρὰ
1571 631 1737 672 πάντων

314 687 556 741 ἆνὲρώπων,
577 688 640 732 οἷς
661 671 920 757 ἐπίφθονος
901 702 924 731 η
947 681 1142 739 Θηβαίων
1163 683 1332 739 δύναμις
1351 669 1563 739 αυξομένη,
1581 704 1646 727 και
1663 688 1738 734 τὴν

314 746 567 811 κατέχουσαν
583 741 784 794 ἀκοσμίαν
817 744 880 782 καὶ
911 742 1093 796 ταραχὴν
1123 742 1195 789 τὰς
1223 743 1410 791 πόλεις,’
1396 743 1739 798 επιτροπὲυόντων

314 807 383 848 τῆς
409 796 615 846 Ἑλλάδος
643 799 845 848 Βοιωτῶν,
880 795 1186 850 ἐπιδειξάμενος·
1218 798 1426 847 τελευτῶν,
1458 802 1488 841 εἰ
1516 802 1578 841 καὶ
1611 801 1739 852 μηθὲν

314 858 466 898 τούτων
486 855 627 909 μέλλοι
645 856 832 909 γίνεσθαι
850 851 940 907 μηδ’
963 855 1223 896 ὑπολείποιτό
1242 875 1303 904 τις
1329 855 1437 904 ἄλλη
1456 859 1660 928 σωτηρίας·
1673 855 1740 897 ἐλη

315 917 399 964 πὶς,
422 912 592 954 ἐκλιπεῖν
613 912 757 952 κελεύει
776 912 849 959 τὴν
869 910 1007 960 πόλιν,
1025 909 1223 954 διδάσκων
1243 913 1403 963 αὐτοὺς,
1419 914 1474 961 ὡς
1495 915 1576 969 χρὴ
1595 911 1742 960 παῖδας

315 974 386 1024 μὲν
407 974 466 1011 καὶ
492 974 686 1022 γυναῖκας
709 971 771 1009 καὶ
793 969 864 1009 τὸν
892 967 1026 1009 ἄλλον
1047 968 1182 1023 ὄχλον
1205 969 1260 1018 εἷς
1280 988 1319 1010 τε
1347 969 1534 1011 Σικελίαν
1554 971 1744 1023 ἐκπέμψαι
1765 1012 1768 1013 ⁷

319 1031 380 1068 καὶ
405 1025 581 1067 Ἰταλίαν
610 1029 672 1067 καὶ
702 1023 834 1066 ταλλα
864 1027 995 1080 χωρία
1025 1026 1073 1066 τὰ
1109 1026 1234 1080 φίλια,
1265 1028 1411 1074 αὐτοὺς
1442 1026 1481 1068 δὲ
1514 1025 1746 1081 καταλαβο,

317 1085 462 1136 μένους
480 1084 633 1153 τόπον,
644 1084 751 1129 ὅςτις
772 1081 821 1123 ἂν
842 1083 1100 1137 ὀχυρώτατος
1119 1089 1144 1138 ἠ
1167 1087 1227 1124 καὶ
1250 1085 1355 1138 πρὸς
1371 1085 1448 1124 τὸν
1464 1082 1679 1135 πολέμον’
1665 1100 1747 1127 επι-

318 1138 579 1189 τηδειότατος,
611 1138 722 1194 ἄγειν
752 1157 814 1180 και
843 1140 973 1194 φέρειν
1000 1141 1094 1186 τοὺς
1122 1139 1344 1193 πολεμίους
1372 1144 1432 1181 καὶ
1459 1140 1557 1181 κατὰ
1574 1146 1666 1194 γῆν
1684 1143 1747 1181 καὶ

320 1197 415 1238 κατὰ
449 1195 666 1238 ἓάλατταν·
698 1194 884 1249 οὐδεμίαν
916 1196 996 1251 γὰρ
1031 1195 1214 1243 ἀξιώσειν
1244 1195 1412 1248 δύναμιν
1446 1197 1568 1250 ὁμόσε
1600 1199 1749 1252 χωρεῖν

321 1251 488 1308 ἀνδράσι
523 1256 755 1307 κρατίστοις
774 1256 847 1307 μὲν
874 1253 922 1294 τὰ
955 1251 1125 1306 πολέμια
1155 1252 1496 1302 τῶνἙλλήνων,
1529 1253 1749 1302 ἀπονενοη-

319 1312 447 1363 μένως
469 1307 506 1351 δὲ
523 1311 627 1364 πρὸς
642 1329 688 1351 το
710 1308 785 1365 ζῇν
807 1308 1072 1363 διακειμένοις,
1091 1308 1243 1352 δικαίαν
1265 1309 1299 1352 δ’
1313 1312 1442 1365 ὀργην
1460 1314 1523 1352 καὶ
1543 1311 1752 1366 πρόφασιν

322 1367 494 1422 εὐπρεπῆ
520 1373 590 1414 τῆς
619 1366 800 1422 ἀνάγκης
827 1366 981 1422 ἐ’χουσι.
1003 1371 1124 1408 ταῦτα
1145 1369 1227 1422 γὰρ
1255 1367 1303 1409 οὐ
1332 1365 1660 1421 Λακεδαιμονίοις
1679 1368 1752 1420 μό-

323 1441 408 1470 νοις
435 1422 730 1479 συμβουλεύειν
759 1426 878 1478 φαίην
899 1423 949 1465 ἂν
974 1424 1097 1465 αὐτὸν
1119 1424 1261 1479 ἔγωγε,
1284 1423 1394 1466 ἀλλὰ
1415 1429 1478 1466 καὶ
1499 1430 1588 1472 τοῖς
1606 1423 1754 1472 ἄλλοις

315 1478 492 1529 Ἐλλησι
512 1485 573 1522 καὶ
591 1483 713 1522 πᾶσιν
736 1480 1018 1535 ἆνὲρώποις,ι
1007 1480 1154 1522 πολλῶ
1175 1487 1350 1536 κρεῖττον
1372 1481 1563 1523 ἁπάντων
1584 1480 1751 1536 φιλοσό-

323 1547 423 1592 φων,
442 1555 480 1579 οι
502 1536 619 1585 τέλος
638 1541 845 1580 ποιοῦνται
866 1556 936 1579 του
957 1536 1056 1593 βίου
1077 1557 1149 1587 την
1170 1538 1314 1592 ἆρετην
1333 1557 1393 1580 και
1415 1540 1462 1580 τὸ
1482 1538 1622 1580 καλόν.

379 1592 449 1650 ιβ’.
472 1593 617 1650 ’Έχων
651 1594 690 1637 δὲ
719 1594 906 1642 πολλοὺς
936 1596 1058 1636 αὐτοῦ
1085 1599 1147 1636 καὶ
1180 1595 1340 1643 ἄλλους
1373 1594 1550 1643 διεξιέναι
1580 1595 1754 1668 λόγους,

323 1652 427 1724 πρὸς
446 1651 585 1700 πόλεις
604 1670 644 1693 τε
665 1655 727 1694 καὶ
749 1650 950 1700 δυνάστας
971 1656 1033 1694 καὶ
1055 1651 1216 1701 ἰδιώτας
1225 1655 1467 1707 γραφέντας,
1483 1653 1541 1694 ὧν
1556 1654 1594 1693 οἱ
1610 1655 1682 1705 μὲν
1701 1669 1756 1700 εις

322 1710 394 1758 τὴν
421 1713 490 1750 τοῦ
516 1707 614 1764 βίου
637 1710 909 1764 σωφροσύνην
930 1710 977 1750 τὰ
995 1709 1139 1766 πλήθη
1163 1709 1479 1764 παρακαλοῦσιν,
1502 1711 1539 1751 οἱ
1550 1706 1594 1750 δ’
1615 1711 1670 1756 εἷς
1689 1726 1755 1762 με-

322 1767 504 1820 τριότητα
530 1770 591 1808 καὶ
621 1768 791 1819 νόμιμον
821 1766 957 1821 ἀρχὴν
987 1768 1082 1814 τοὺς
1116 1765 1316 1814 δυνάστας
1344 1768 1615 1837 προάγουσιν,
1645 1784 1684 1807 οι
1716 1763 1757 1807 δὲ

324 1826 513 1875 κοσμίους
540 1826 622 1865 τῶν
650 1822 818 1865 ἰδιωτῶν
841 1822 1137 1878 ἀπεργάζονται
1157 1826 1259 1872 τοὺς
1272 1822 1462 1879 βίους,ἂ
1490 1822 1546 1865 δεῖ
1571 1823 1758 1878 πράττειν

326 1898 489 1921 εκαστον
510 1878 801 1934 ὑποτιθέμενοι,
828 1877 1015 1928 δεδοικὼς
1033 1899 1101 1934 μη
1108 1883 1207 1936 πέρα
1227 1899 1297 1922 του
1320 1879 1519 1929 δέοντος“
1502 1900 1524 1922 ο
1548 1879 1715 1935 λόγος’
1701 1898 1760 1921 εκ-

325 1935 504 1992 μηκυνθῇ
523 1955 603 1989 μοι,
624 1942 745 1979 ταῦτα
771 1956 842 1991 μεν
870 1938 988 1979 ἐάσω·
1009 1942 1079 1979 τοῦ
1108 1936 1144 1979 δ’
1164 1938 1548 1992 ευπαρακολούθητα
1572 1938 1760 2008 γενέσθαι

326 2012 392 2047 μοι
419 1992 581 2047 μᾶλλον
608 2013 653 2036 τα
679 1993 858 2050 πρόσθεν
879 1996 1072 2064 εἰρημένα,
1094 1999 1157 2036 καὶ
1176 2001 1247 2043 τῆς
1266 1980 1498 2051 διαφορᾶς“
1481 2012 1590 2037 ενεκα
1607 1992 1632 2050 ᾖ
1654 1992 1763 2036 διαλ-

329 2049 459 2092 λάττει
496 2054 658 2103 Λυσίου,
691 2071 762 2100 τας
795 2050 937 2107 ἇρετας
969 2052 1102 2093 αυτῶν
1130 2055 1184 2100 εἷς
1214 2039 1478 2109 βραχύτερον
1514 2052 1762 2106 συναγαγὼν

331 2106 495 2162 λόγον
483 2112 541 2150 επὶ
562 2127 606 2149 τα
632 2108 929 2165 παραδείγματα
949 2107 1244 2163 μεταβήσομαι.

388 2163 452 2218 ιγ’.
485 2167 655 2219 Πρώτην
670 2170 744 2237 μὲν
763 2169 904 2208 τοίνυν
926 2166 1023 2221 ἔφην
1045 2166 1189 2221 ἆρετην
1210 2166 1307 2208 εἶναι
1327 2164 1470 2220 λόγων
1491 2166 1566 2214 τὴν
1584 2163 1762 2219 καθαραν

335 2221 552 2274 ἑρμηνείαν·
592 2224 631 2263 ἐν
666 2229 687 2278 ἡ
723 2221 954 2278 διαλλαγὴν
989 2221 1176 2276 οὐδεμίαν
1211 2224 1391 2278 εὕρισκον
1426 2222 1517 2277 παρ’
1557 2220 1762 2278 ουδετέρῳ.

335 2277 464 2318 ’ἔπειτα
491 2297 562 2326 την
591 2264 798 2334 ἀκρίβειαν
819 2287 888 2329 τῆς
910 2278 1115 2322 διαλέκτου
1142 2288 1212 2330 τῆς
1238 2282 1325 2322 τότε
1347 2282 1566 2328 συνήθους·
1590 2283 1652 2321 καὶ
1672 2281 1766 2323 ταί).-

336 2352 410 2382 την
429 2335 562 2388 ἑώρων
584 2338 724 2388 ὁμοῖαι
745 2356 824 2390 παρ
858 2338 1110 2393 ἀμφοτέροις.
1133 2357 1228 2391 μετα
1248 2336 1350 2379 ταυτ’
1374 2335 1728 2391 ἐπελογιζόμην,“
1706 2355 1765 2378 οτι

337 2396 487 2439 τοῖςυ
443 2410 462 2432 κ
517 2395 591 2439 ἴοις
612 2396 672 2433 καὶ
695 2394 881 2443 συνήθεσι
902 2398 963 2437 καὶ
985 2401 1135 2443 κοινοῖς
1155 2396 1349 2446 ὀνόμασιν
1367 2393 1582 2449 ἀμφότεροι
1601 2396 1768 2449 κέχρην-

338 2461 413 2488 ται·
438 2410 542 2495 nug
533 2448 788 2504 Ισοκρατους
809 2450 932 2500 λέξις,
952 2451 1244 2507 προσλαέοῦσά
1271 2471 1307 2494 τι
1336 2458 1406 2499 τῆς
1433 2457 1624 2506 τροπικῆς
1652 2469 1767 2492 κατα-

341 2511 497 2552 σκευῆς,
517 2508 634 2573 μέχρι
654 2511 724 2547 τοῦ
745 2526 797 2560 μη
818 2507 992 2557 λυπῆσαι
1011 2508 1205 2565 προῆλθε.
1225 2516 1294 2558 τῆς
1315 2507 1354 2550 δὲ
1376 2511 1592 2563 σαφηνείας
1615 2512 1678 2550 καὶ
1697 2514 1769 2556 τῆς

341 2562 548 2616 ἐναργείας
587 2562 835 2618 ἀμφοτέρους
877 2572 1030 2620 κρατεῖν
1070 2566 1349 2621 απεφηνάμην.
1385 2585 1426 2608 εν
1459 2564 1506 2608 δὲ
1533 2568 1590 2620 τῷ
1627 2565 1769 2607 ‹wurd-

339 2636 426 2669 μως
450 2620 620 2673 ἐκφερειν
647 2638 693 2660 τα
713 2639 889 2673 νοηματα
911 2627 1064 2666 Λυσίαν
1083 2623 1286 2678 μᾶλλον’
1267 2625 1457 2679 ηγούμην
1472 2623 1772 2694 ἐπιτυγχάνειν.

343 2678 429 2729 περὶ
452 2693 522 2723 τας
544 2673 758 2725 αυὲήσεις
764 2680 981 2733 Ισοκράτην
1008 2681 1230 2736 κατορθουν
1258 2680 1421 2734 α’μεινον
1447 2677 1626 2722 ἐδόκουν.
1647 2681 1691 2721 ἐν
1715 2682 1772 2721 τῶ

343 2734 574 2787 συστρέφειν
595 2751 642 2774 τα
665 2736 840 2787 νοήματα
870 2740 931 2778 καὶ
961 2738 1231 2794 στρογγύλως
1252 2740 1451 2794 ἐκφέρειν,
1458 2737 1513 2785 ὡς
1542 2736 1648 2792 προς
1675 2722 1774 2784 ‘Dm‘

387 2827 581 2868 Διαλλάττιι]
599 2827 935 2869 Seil.0‘'1cou;-A†n,-.Si‹-
947 2834 1037 2870 phu-a
1073 2835 1153 2864 lione
1169 2835 1240 2864 vent
1255 2831 1646 2873 S)·1burgiusffia31muiariin
1658 2831 1718 2867 καὶ,
1727 2829 1772 2862 5ἰο

346 2870 400 2899 sim
418 2870 571 2906 intellige.
596 2877 621 2900 et
635 2872 685 2900 ‹li-1
697 2874 901 2902 riminiscuusn
914 2885 966 2913 quo
982 2875 1039 2905 10-
1074 2878 1151 2907 enim
1171 2879 1336 2917 Dionysius
1351 2887 1417 2906 cum
1436 2876 1560 2905 veritate
1578 2876 1664 2905 simul
1680 2880 1709 2904 et
1725 2885 1772 2904 se-

347 2918 436 2942 crales
451 2925 470 2942 ιι
487 2912 574 2952 lysia
586 2912 697 2955 dtffernt
716 2916 850 2946 Auem.
1073 2930 1139 2949 cum
1155 2921 1262 2950 melius
1273 2919 1585 2950 consentire«.1m:u
1610 2916 1774 2951 Ἀπιθᾶνως.

391 2952 480 2996 Μέχρι
495 2957 543 2986 τοῦ
558 2958 600 2995 μῆ
614 2956 757 2997 λυπῆσαι]
786 2959 850 2988 Non
867 2960 979 2998 absque
997 2971 1040 2989 ra·
1074 2963 1153 2993 Con.
