1924 3314
467 223 530 264 IN
564 224 918 266 ISOCRATEM
953 225 1282 268 DI'ATRIBAE.
1556 229 1606 268 15

146 345 234 382 quae
254 334 292 371 in
313 336 586 386 Areopagitica
603 338 794 387 leguntur.
817 351 904 376 nam
923 339 977 376 ibi
998 339 1134 377 scribit
1153 343 1184 387 ξ.
1206 339 1271 377 κδ’.
1293 341 1352 377 καὶ
1371 339 1606 391 Λακεδαιμο-

146 397 246 437 νίους
266 395 329 435 διά
346 401 450 446 τοῦτο
471 399 658 437 κάλλιστα
677 402 996 451 πολιτευομένους,
1017 400 1074 438 ὅτι
1094 403 1262 450 μάλιστα
1278 401 1609 452 δημοκρατούμενοι

144 456 411 505 τυγχάνουσιν.
433 465 472 496 at
498 473 589 497 vero
611 462 656 497 in⁴
672 461 836 499 Nicocle
863 461 949 498 haec
976 461 1138 511 legimus
1159 465 1192 508 ξ.
1215 462 1258 500 ς’.
1280 463 1334 499 ἔτι
1354 462 1390 500 δὲ
1411 463 1608 514 Καρχηδο-

146 518 247 564 νίους
274 520 333 554 καὶ
361 519 697 571 Λακεδαιμονίους,
716 523 801 564 τοὺς
828 523 961 572 ἄριστα
981 529 1053 560 τῶν
1074 523 1270 566 Ἑλλήνων
1287 525 1609 573 πολιτευομένους,

144 578 237 615 οἷκοι
250 578 319 628 μὲν
336 581 692 635 ὀλιγαρχουμένους,
709 586 809 632 παρὰ
826 582 862 620 δὲ
877 583 942 622 τὸν
956 585 1119 633 πόλεμον
1134 581 1470 632 βασιλευομένους,
1512 583 1612 626 Quis

145 651 315 689 unquam
343 643 460 692 magis
486 643 560 679 sibi
588 645 845 694 repugnantia
867 645 1066 694 scripsisse
1095 644 1172 681 dici
1201 651 1347 694 potest,
1367 644 1397 681 si
1421 645 1472 681 ab
1498 645 1610 682 unius

144 701 400 751 ejusdemque
426 703 576 741 calamo
596 705 795 754 profectus
816 713 873 743 est
896 712 1058 755 uterque
1078 705 1217 743 locus?
1266 704 1456 744 Frivolum
1480 712 1611 742 autem

144 764 208 807 (ne
228 762 354 800 dicam
374 763 596 813 ridiculum)
618 767 678 804 hic
698 773 812 812 esset,
833 766 997 816 allegare
1009 767 1122 816 ·qu0d
1145 767 1183 803 in
1203 766 1367 803 Nicocle
1392 765 1543 816 legitur,
1564 780 1611 804 ex

145 822 318 861 Isocrate
331 824 414 872 jam
434 826 610 863 auditum
631 840 716 864 esse
734 827 936 876 quomodo
953 827 1302 864 administrandum
1320 841 1477 876 regnum
1495 835 1611 866 esset.

145 883 252 926 Quid
266 886 365 921 enim
379 885 550 923 obstaret
566 886 771 935 quominus
787 887 1231 937 responderetur,unum
1246 901 1266 924 e
1281 887 1434 925 caeteris
1445 888 1611 935 duobus,

145 956 310 992 quorum
329 945 434 982 facta
454 952 513 983 est
537 948 695 995 mentio,
717 953 784 984 aut
802 948 919 985 etiam
940 961 1056 985 unum
1076 961 1098 985 e
1117 948 1241 985 tribus
1259 947 1344 985 aliis
1365 946 1484 985 fuisse
1504 948 1610 986 illum

145 1004 368 1043 Isocratem.
413 1006 514 1043 Nam
545 1006 609 1044 alii
634 1008 793 1057 quidem
820 1008 899 1045 duo
927 1008 976 1046 ad
1018 1009 1196 1046 notitiam
1223 1015 1392 1046 nostram
1425 1022 1611 1059 pervene-

146 1071 254 1103 runt:
293 1079 423 1104 verum
448 1067 532 1105 fieri
558 1075 687 1118 potest
714 1075 756 1106 ut
783 1069 919 1107 tertius
945 1070 1085 1119 aliquis
1110 1076 1229 1120 alque
1256 1070 1356 1107 adeo
1387 1077 1425 1108 et
1454 1078 1613 1120 quartus

148 1126 340 1177 quispiam
361 1141 431 1166 nos
451 1129 582 1170 lateat.
630 1131 714 1180 Ego
729 1138 855 1168 tamen
873 1131 971 1168 hanc
995 1132 1254 1181 quaestionem
1285 1132 1323 1169 in
1351 1132 1478 1169 medio
1495 1133 1612 1170 relin—

147 1199 284 1237 quens,
307 1188 383 1226 hoc
411 1196 562 1227 tautum
583 1191 686 1237 dico,
707 1192 869 1230 eandem
890 1199 929 1229 et
949 1193 987 1230 in
1009 1193 1195 1241 Evagorae
1225 1194 1403 1230 encomio
1431 1206 1546 1244 quam
1575 1194 1612 1231 in

146 1248 221 1285 illis
241 1249 395 1287 duobus
424 1251 561 1289 libellis·
596 1252 743 1291 haerere
769 1253 892 1291 videri
921 1254 1182 1304 suspicionem
1209 1255 1334 1305 (quod
1364 1263 1491 1293 tamen
1516 1270 1615 1307 opu-

148 1310 298 1347 sculum
310 1311 360 1348 ab
373 1312 686 1362 Harpocratione
707 1314 761 1351 illi
782 1315 907 1364 primo
927 1315 1090 1353 Isocrati
1110 1329 1185 1353 nou
1207 1329 1284 1353 uno
1305 1316 1341 1353 in
1362 1316 1450 1354 loco
1468 1317 1614 1355 adscri-

149 1371 291 1421 bitur):
322 1375 537 1424 praesertim
567 1389 684 1425 quum
712 1376 786 1413 hoc
817 1376 971 1414 Nicocli
1001 1377 1081 1414 filio
1110 1377 1283 1415 dicatum
1313 1378 1374 1423 sit,
1394 1384 1431 1415 et
1461 1378 1498 1415 in
1528 1380 1615 1429 ipso

147 1433 276 1471 limine
297 1435 346 1472 ab
367 1435 436 1472 illo
457 1436 722 1486 compelletur.
783 1438 961 1476 Meminit
986 1452 1103 1489 porro
1122 1439 1223 1476 idem
1252 1439 1555 1489 Harpocration,
1576 1441 1614 1479 in

147 1498 296 1548 Ἑρμαῖ,
317 1497 524 1547 cujusdam
545 1499 732 1537 orationis
755 1500 1009 1550 Antiphontis
1029 1501 1122 1551 πρὸς
1145 1500 1354 1542 Νικοκλέα;
1387 1501 1616 1552 quicunque

149 1558 211 1596 hic
235 1558 364 1598 fuerit.

201 1622 272 1668 (2.)
301 1620 455 1658 Addam
475 1635 567 1659 vero
586 1629 624 1659 et
647 1623 735 1669 hoc,
756 1623 823 1660 illa
843 1623 1046 1673 opuscula,
1066 1635 1087 1659 a
1113 1636 1353 1673 quocunque
1373 1624 1517 1674 scripta
1537 1624 1614 1662 sint

147 1679 266 1726 (illam
296 1681 396 1719 enim
426 1683 695 1731 quaestionem,
717 1684 773 1721 uti
794 1684 887 1730 dixi,
913 1685 951 1721 in
979 1684 1105 1722 medio
1131 1684 1336 1734 relinquo),
1358 1686 1478 1735 magis
1510 1693 1615 1736 apte,

150 1753 236 1778 meo
256 1741 412 1791 quidem
431 1742 599 1790 judicio,
621 1744 820 1793 epistolaS,
843 1757 960 1794 quam
981 1745 1189 1790 orationes,
1209 1753 1389 1783 vocatum
1415 1745 1483 1784 iri:
1514 1759 1614 1796 prae-

149 1803 360 1853 sertimque
381 1804 497 1853 priori
519 1805 637 1854 magis
662 1806 872 1842 convenire
899 1818 1038 1842 nomen
1064 1805 1242 1854 epistolae
1273 1806 1430 1844 videriz-
1449 1807 1549 1845 sicut
1577 1815 1616 1845 et

149 1864 205 1913 illi
231 1865 279 1902 ad
301 1865 557 1904 Demonicum
581 1866 715 1904 libello
746 1867 1039 1904 convenientius
1060 1879 1143 1904 esse
1166 1866 1367 1915 judicavi.-
1419 1869 1504 1906 Nec
1524 1882 1615 1906 vero

111 1960 116 1964 .
151 1939 306 1965 movere
333 1928 408 1966 hoc
439 1941 664 1978 quenquam
689 1927 824 1971 debet,
853 1929 958 1978 quod
990 1929 1026 1965 in
1055 1927 1221 1964 Nicocle
1250 1928 1411 1978 legimus
1438 1933 1468 1974 ξ,
1490 1929 1529 1967 δ’.
1553 1931 1617 1968 τὸν

149 1988 222 2039 μὲν.
237 1987 303 2027 οὖν
328 1991 507 2040 πρότερον
536 1991 668 2038 λόγον,
688 1993 737 2032 ὡς
763 1993 836 2040 χρὴ
861 1994 1067 2039 τυραννεῖν,
1086 1989 1319 2040 Ἰσοκράτους
1341 1990 1531 2035 ἠκούσατε·
1552 1991 1617 2029 τὸν

151 2049 181 2087 δ’-
203 2050 398 2102 ἐχόμενον,
418 2052 443 2088 ἅ
471 2051 523 2089 δεῖ
553 2057 673 2089 ποιεῖν
704 2052 789 2094 τοὺς
821 2054 1067 2103 ἀρχομένους,
1089 2051 1163 2099 ἐγὼ
1189 2052 1414 2102 πειράσομαι
1444 2051 1614 2090 διελθεῖν.

152 2111 292 2162 Neque
309 2113 409 2150 enim
427 2112 490 2150 hic
505 2114 624 2161 λόγον
642 2126 800 2150 necesse
816 2120 869 2151 est
888 2114 1101 2151 orationem
1121 2113 1379 2162 interpretari,
1395 2126 1438 2151 ea
1456 2114 1613 2162 quidem

153 2172 434 2223 significatione
455 2187 531 2224 qua
553 2174 735 2211 Isocratis
755 2174 949 2212 orationes
970 2186 1168 2220 vocanmS,
1189 2182 1225 2210 et
1247 2174 1408 2211 aliorum
1432 2174 1500 2224 qui
1526 2188 1613 2212 ora-

153 2241 256 2273 tores
278 2237 547 2286 appellantur:
580 2235 647 2273 sed
668 2236 745 2273 late
764 2237 944 2287 accipere
965 2249 1184 2287 possumuS,
1207 2236 1256 2273 ita
1279 2243 1322 2274 ut
1348 2236 1378 2273 is
1398 2237 1528 2283 etiam,
1546 2238 1613 2287 qui

153 2295 191 2334 in
213 2309 281 2336 sua
297 2298 461 2348 epistola
477 2297 525 2336 de
540 2310 580 2335 re
594 2297 726 2348 aliqua
740 2297 909 2344 disserit,
925 2298 974 2336 de
989 2311 1033 2335 ea
1050 2299 1168 2345 λόγον
1182 2296 1373 2335 ποιεῖσθαι
1385 2297 1463 2336 dici
1481 2305 1614 2348 queat.

646 2632 993 2689 DIATRIBE
1032 2634 1117 2676 ΙΙΙ.

178 2750 181 2754 .
203 2726 272 2769 (1.)
295 2728 343 2757 De
362 2727 541 2758 Orationum
568 2730 717 2761 Isocratis
745 2731 775 2761 in
800 2737 899 2762 certas
921 2732 1036 2762 classes
1057 2732 1284 2764 distributione.
1327 2733 1395 2776 (2.)
1419 2735 1467 2766 De
1482 2736 1615 2768 diversis

154 2779 264 2810 'ritulis
281 2789 333 2808 seu
351 2779 609 2819 Inscriptionibus
625 2784 822 2821 quarundam.

164 2884 166 2886 .
209 2856 285 2905 (l.)
312 2855 437 2898 Quam
460 2856 522 2894 hic
541 2857 650 2895 vides
670 2858 885 2896 orationum
906 2859 1087 2898 Isocratis
1106 2863 1143 2898 in
1171 2867 1296 2899 certas
1321 2863 1463 2900 classes
1489 2861 1616 2900 distri-

157 2916 372 2963 butionem,
393 2917 486 2956 licet
504 2924 583 2956 tres
604 2919 678 2956 illae
699 2919 905 2968 editiones,
922 2922 1077 2967 Aldina,
1097 2922 1284 2969 Romana,
1301 2923 1616 2970 Mediolanensis‚

158 2989 234 3017 non
250 2978 464 3026 -haberent,
486 2980 553 3018 sed
581 2993 676 3018 eam·
693 2980 954 3033 Hieronymus
973 2982 1136 3022 Wolfius
1150 2984 1431 3031 introduxerit,
1452 2993 1618 3035 sequen-
