<?xml version="1.0" encoding="UTF-8"?>
<!DOCTYPE html PUBLIC "-//W3C//DTD XHTML 1.0 Transitional//EN"
    "http://www.w3.org/TR/xhtml1/DTD/xhtml1-transitional.dtd">
<html xmlns="http://www.w3.org/1999/xhtml" xml:lang="en" lang="en">
 <head>
  <title>
</title>
<meta http-equiv="Content-Type" content="text/html;charset=utf-8" />
  <meta name='ocr-system' content='tesseract 3.04.00' />
  <meta name='ocr-capabilities' content='ocr_page ocr_carea ocr_par ocr_line ocrx_word'/>
</head>
<body>
  <div class='ocr_page' id='page_1' title='image "./oratoresatticie03dobs/oratoresatticie03dobs_0813.png"; bbox 0 0 1914 3314; ppageno 0'>
   <div class='ocr_carea' id='block_1_1' title="bbox 408 557 1491 728">
    <p class='ocr_par' dir='ltr' id='par_1_1' title="bbox 408 557 1491 728">
     <span class='ocr_line' id='line_1_1' title="bbox 408 557 1491 612; baseline 0 -3"><span class='ocrx_word' id='word_1_1' title='bbox 408 557 518 609; x_wconf 85' lang='lat' dir='ltr'>AD</span> <span class='ocrx_word' id='word_1_2' title='bbox 560 558 1008 611; x_wconf 84' lang='lat' dir='ltr'><strong>VARIANTES</strong></span> <span class='ocrx_word' id='word_1_3' title='bbox 1052 558 1491 612; x_wconf 68' lang='lat' dir='ltr'>LEC&#39;FIONES</span> 
     </span>
     <span class='ocr_line' id='line_1_2' title="bbox 700 681 1203 728; baseline -0.004 0"><span class='ocrx_word' id='word_1_4' title='bbox 700 682 737 728; x_wconf 91' lang='lat' dir='ltr'>P</span> <span class='ocrx_word' id='word_1_5' title='bbox 763 682 805 728; x_wconf 88' lang='lat' dir='ltr'>R</span> <span class='ocrx_word' id='word_1_6' title='bbox 830 681 887 728; x_wconf 65' lang='grc' dir='ltr'>ΖΕ</span> <span class='ocrx_word' id='word_1_7' title='bbox 913 682 948 728; x_wconf 89' lang='lat' dir='ltr'><strong>F</strong></span> <span class='ocrx_word' id='word_1_8' title='bbox 973 681 1013 727; x_wconf 91' lang='lat' dir='ltr'><strong>A</strong></span> <span class='ocrx_word' id='word_1_9' title='bbox 1038 681 1077 727; x_wconf 83' lang='lat' dir='ltr'>T</span> <span class='ocrx_word' id='word_1_10' title='bbox 1105 682 1121 727; x_wconf 97' lang='grc' dir='ltr'><strong>Ι</strong></span> <span class='ocrx_word' id='word_1_11' title='bbox 1146 681 1203 728; x_wconf 89' lang='grc' dir='ltr'>Ο.</span> 
     </span>
    </p>
   </div>
   <div class='ocr_carea' id='block_1_2' title="bbox 234 911 1667 1025">
    <p class='ocr_par' dir='ltr' id='par_1_2' title="bbox 234 911 1667 1025">
     <span class='ocr_line' id='line_1_3' title="bbox 288 911 1667 965; baseline 0.002 -17"><span class='ocrx_word' id='word_1_12' title='bbox 288 911 524 950; x_wconf 79' lang='lat' dir='ltr'>RECENSIO</span> <span class='ocrx_word' id='word_1_13' title='bbox 545 913 723 951; x_wconf 81' lang='lat' dir='ltr'>codicum</span> <span class='ocrx_word' id='word_1_14' title='bbox 739 921 776 951; x_wconf 89' lang='lat' dir='ltr'>et</span> <span class='ocrx_word' id='word_1_15' title='bbox 796 915 1138 964; x_wconf 80' lang='lat' dir='ltr'>manuscriptorum</span> <span class='ocrx_word' id='word_1_16' title='bbox 1159 921 1198 951; x_wconf 91' lang='lat' dir='ltr'>et</span> <span class='ocrx_word' id='word_1_17' title='bbox 1214 915 1493 965; x_wconf 81' lang='lat' dir='ltr'><strong>impressorum,</strong></span> <span class='ocrx_word' id='word_1_18' title='bbox 1507 915 1571 965; x_wconf 89' lang='lat' dir='ltr'>qui</span> <span class='ocrx_word' id='word_1_19' title='bbox 1593 915 1667 951; x_wconf 87' lang='lat' dir='ltr'>lau-</span> 
     </span>
     <span class='ocr_line' id='line_1_4' title="bbox 234 971 1232 1025; baseline 0.005 -16"><span class='ocrx_word' id='word_1_20' title='bbox 234 971 392 1018; x_wconf 87' lang='lat' dir='ltr'>dantur;</span> <span class='ocrx_word' id='word_1_21' title='bbox 423 981 461 1012; x_wconf 87' lang='lat' dir='ltr'>et</span> <span class='ocrx_word' id='word_1_22' title='bbox 479 974 593 1012; x_wconf 84' lang='lat' dir='ltr'>Notae</span> <span class='ocrx_word' id='word_1_23' title='bbox 614 976 749 1022; x_wconf 88' lang='lat' dir='ltr'>quibus</span> <span class='ocrx_word' id='word_1_24' title='bbox 770 976 908 1024; x_wconf 76' lang='lat' dir='ltr'>singuli</span> <span class='ocrx_word' id='word_1_25' title='bbox 928 976 1114 1025; x_wconf 83' lang='lat' dir='ltr'>designati</span> <span class='ocrx_word' id='word_1_26' title='bbox 1134 983 1232 1014; x_wconf 85' lang='lat' dir='ltr'>sunt.</span> 
     </span>
    </p>
   </div>
   <div class='ocr_carea' id='block_1_3' title="bbox 608 1085 1300 1122">
    <p class='ocr_par' dir='ltr' id='par_1_3' title="bbox 608 1085 1300 1122">
     <span class='ocr_line' id='line_1_5' title="bbox 608 1085 1300 1122; baseline 0 0"><span class='ocrx_word' id='word_1_27' title='bbox 608 1085 839 1122; x_wconf 83' lang='lat' dir='ltr'>CODICES</span> <span class='ocrx_word' id='word_1_28' title='bbox 870 1086 1020 1122; x_wconf 80' lang='lat' dir='ltr'><strong>REGII</strong></span> <span class='ocrx_word' id='word_1_29' title='bbox 1052 1085 1300 1122; x_wconf 82' lang='lat' dir='ltr'>PARISINI.</span> 
     </span>
    </p>
   </div>
   <div class='ocr_carea' id='block_1_4' title="bbox 326 1161 1570 1201">
    <p class='ocr_par' dir='ltr' id='par_1_4' title="bbox 326 1161 1570 1201">
     <span class='ocr_line' id='line_1_6' title="bbox 326 1161 1570 1201; baseline 0.002 -11"><span class='ocrx_word' id='word_1_30' title='bbox 326 1161 385 1200; x_wconf 44' lang='grc' dir='ltr'>ἧς*</span> <span class='ocrx_word' id='word_1_31' title='bbox 408 1161 486 1191; x_wconf 79' lang='lat' dir='ltr'>Haec</span> <span class='ocrx_word' id='word_1_32' title='bbox 500 1161 606 1191; x_wconf 80' lang='lat' dir='ltr'>notitia</span> <span class='ocrx_word' id='word_1_33' title='bbox 621 1162 659 1191; x_wconf 85' lang='lat' dir='ltr'>de</span> <span class='ocrx_word' id='word_1_34' title='bbox 674 1162 830 1191; x_wconf 84' lang='lat' dir='ltr'><strong>codicibus</strong></span> <span class='ocrx_word' id='word_1_35' title='bbox 845 1162 991 1191; x_wconf 79' lang='lat' dir='ltr'>Parisiuis</span> <span class='ocrx_word' id='word_1_36' title='bbox 1007 1172 1044 1190; x_wconf 88' lang='lat' dir='ltr'>ex</span> <span class='ocrx_word' id='word_1_37' title='bbox 1063 1161 1197 1190; x_wconf 75' lang='lat' dir='ltr'>editione</span> <span class='ocrx_word' id='word_1_38' title='bbox 1213 1161 1329 1201; x_wconf 80' lang='lat' dir='ltr'>Augcri</span> <span class='ocrx_word' id='word_1_39' title='bbox 1345 1163 1501 1201; x_wconf 73' lang='lat' dir='ltr'>exscripta</span> <span class='ocrx_word' id='word_1_40' title='bbox 1516 1168 1570 1193; x_wconf 85' lang='lat' dir='ltr'>est.</span> 
     </span>
    </p>
   </div>
   <div class='ocr_carea' id='block_1_5' title="bbox 231 1228 1668 2999">
    <p class='ocr_par' dir='ltr' id='par_1_5' title="bbox 231 1228 1664 1388">
     <span class='ocr_line' id='line_1_7' title="bbox 283 1228 1664 1278; baseline 0.001 -13"><span class='ocrx_word' id='word_1_41' title='bbox 283 1240 311 1278; x_wconf 90' lang='lat' dir='ltr'>p</span> <span class='ocrx_word' id='word_1_42' title='bbox 328 1232 366 1265; x_wconf 87' lang='lat'>1.</span> <span class='ocrx_word' id='word_1_43' title='bbox 387 1232 477 1267; x_wconf 84' lang='lat'>963.</span> <span class='ocrx_word' id='word_1_44' title='bbox 508 1228 641 1266; x_wconf 89' lang='lat' dir='ltr'>Codex</span> <span class='ocrx_word' id='word_1_45' title='bbox 659 1229 898 1274; x_wconf 75' lang='lat' dir='ltr'><strong>chartaceus,</strong></span> <span class='ocrx_word' id='word_1_46' title='bbox 914 1229 979 1278; x_wconf 87' lang='lat' dir='ltr'>qui</span> <span class='ocrx_word' id='word_1_47' title='bbox 1000 1229 1097 1265; x_wconf 84' lang='lat' dir='ltr'>inter</span> <span class='ocrx_word' id='word_1_48' title='bbox 1122 1228 1195 1265; x_wconf 85' lang='lat' dir='ltr'>alia</span> <span class='ocrx_word' id='word_1_49' title='bbox 1218 1228 1335 1266; x_wconf 86' lang='lat' dir='ltr'>habet</span> <span class='ocrx_word' id='word_1_50' title='bbox 1354 1229 1559 1266; x_wconf 81' lang='lat' dir='ltr'>orationem</span> <span class='ocrx_word' id='word_1_51' title='bbox 1581 1230 1664 1267; x_wconf 89' lang='lat' dir='ltr'>Iso-</span> 
     </span>
     <span class='ocr_line' id='line_1_8' title="bbox 231 1288 1664 1328; baseline 0.002 -3"><span class='ocrx_word' id='word_1_52' title='bbox 231 1288 346 1325; x_wconf 88' lang='lat' dir='ltr'>cratis</span> <span class='ocrx_word' id='word_1_53' title='bbox 370 1289 418 1326; x_wconf 91' lang='lat' dir='ltr'>ad</span> <span class='ocrx_word' id='word_1_54' title='bbox 451 1289 720 1327; x_wconf 84' lang='lat' dir='ltr'>Demonicum.</span> <span class='ocrx_word' id='word_1_55' title='bbox 785 1289 822 1326; x_wconf 93' lang='lat' dir='ltr'>Is</span> <span class='ocrx_word' id='word_1_56' title='bbox 855 1289 990 1327; x_wconf 83' lang='lat' dir='ltr'>Codex</span> <span class='ocrx_word' id='word_1_57' title='bbox 1019 1289 1173 1326; x_wconf 88' lang='lat' dir='ltr'>ineunte</span> <span class='ocrx_word' id='word_1_58' title='bbox 1205 1289 1348 1327; x_wconf 82' lang='lat' dir='ltr'>saeculo</span> <span class='ocrx_word' id='word_1_59' title='bbox 1378 1289 1526 1327; x_wconf 88' lang='lat' dir='ltr'>decimo</span> <span class='ocrx_word' id='word_1_60' title='bbox 1557 1298 1664 1328; x_wconf 84' lang='lat' dir='ltr'>sexto</span> 
     </span>
     <span class='ocr_line' id='line_1_9' title="bbox 232 1349 588 1388; baseline 0.006 -2"><span class='ocrx_word' id='word_1_61' title='bbox 232 1356 407 1387; x_wconf 84' lang='lat' dir='ltr'>exaratus</span> <span class='ocrx_word' id='word_1_62' title='bbox 423 1349 588 1388; x_wconf 88' lang='lat' dir='ltr'>videtur.</span> 
     </span>
    </p>

    <p class='ocr_par' dir='ltr' id='par_1_6' title="bbox 232 1411 1663 1583">
     <span class='ocr_line' id='line_1_10' title="bbox 284 1411 1662 1462; baseline 0.001 -14"><span class='ocrx_word' id='word_1_63' title='bbox 284 1414 362 1460; x_wconf 85' lang='lat' dir='ltr'>p2.</span> <span class='ocrx_word' id='word_1_64' title='bbox 382 1414 498 1451; x_wconf 89' lang='grc'><strong>1739.</strong></span> <span class='ocrx_word' id='word_1_65' title='bbox 517 1411 651 1449; x_wconf 90' lang='lat' dir='ltr'>Codex</span> <span class='ocrx_word' id='word_1_66' title='bbox 667 1412 906 1458; x_wconf 81' lang='lat' dir='ltr'>chartaceus,</span> <span class='ocrx_word' id='word_1_67' title='bbox 921 1412 989 1461; x_wconf 89' lang='lat' dir='ltr'>qui</span> <span class='ocrx_word' id='word_1_68' title='bbox 1004 1411 1101 1449; x_wconf 84' lang='lat' dir='ltr'>inter</span> <span class='ocrx_word' id='word_1_69' title='bbox 1120 1412 1193 1449; x_wconf 88' lang='lat' dir='ltr'>alia</span> <span class='ocrx_word' id='word_1_70' title='bbox 1214 1412 1321 1462; x_wconf 86' lang='lat' dir='ltr'>plura</span> <span class='ocrx_word' id='word_1_71' title='bbox 1342 1412 1489 1462; x_wconf 85' lang='lat' dir='ltr'>praebet</span> <span class='ocrx_word' id='word_1_72' title='bbox 1505 1413 1662 1450; x_wconf 86' lang='lat' dir='ltr'>eandem</span> 
     </span>
     <span class='ocr_line' id='line_1_11' title="bbox 232 1472 1663 1512; baseline 0.001 -4"><span class='ocrx_word' id='word_1_73' title='bbox 232 1472 444 1510; x_wconf 89' lang='lat' dir='ltr'>orationem</span> <span class='ocrx_word' id='word_1_74' title='bbox 476 1472 655 1510; x_wconf 85' lang='lat' dir='ltr'>Isocratis</span> <span class='ocrx_word' id='word_1_75' title='bbox 688 1473 734 1510; x_wconf 90' lang='lat' dir='ltr'>ad</span> <span class='ocrx_word' id='word_1_76' title='bbox 771 1473 1039 1511; x_wconf 80' lang='lat' dir='ltr'>Demonicum.</span> <span class='ocrx_word' id='word_1_77' title='bbox 1106 1474 1144 1510; x_wconf 82' lang='lat' dir='ltr'>Is</span> <span class='ocrx_word' id='word_1_78' title='bbox 1173 1474 1307 1512; x_wconf 88' lang='lat' dir='ltr'>Codex</span> <span class='ocrx_word' id='word_1_79' title='bbox 1338 1473 1480 1512; x_wconf 81' lang='lat' dir='ltr'>saeculo</span> <span class='ocrx_word' id='word_1_80' title='bbox 1513 1474 1663 1512; x_wconf 87' lang='lat' dir='ltr'>decimo</span> 
     </span>
     <span class='ocr_line' id='line_1_12' title="bbox 233 1533 745 1583; baseline 0.002 -13"><span class='ocrx_word' id='word_1_81' title='bbox 233 1533 368 1583; x_wconf 86' lang='lat' dir='ltr'>quinto</span> <span class='ocrx_word' id='word_1_82' title='bbox 387 1533 539 1572; x_wconf 80' lang='lat' dir='ltr'>videtur</span> <span class='ocrx_word' id='word_1_83' title='bbox 556 1541 745 1572; x_wconf 82' lang='lat' dir='ltr'>exaratus.</span> 
     </span>
    </p>

    <p class='ocr_par' dir='ltr' id='par_1_7' title="bbox 232 1595 1665 1892">
     <span class='ocr_line' id='line_1_13' title="bbox 284 1595 1665 1648; baseline 0.003 -17"><span class='ocrx_word' id='word_1_84' title='bbox 284 1607 310 1644; x_wconf 88' lang='lat' dir='ltr'><strong>p</strong></span> <span class='ocrx_word' id='word_1_85' title='bbox 325 1600 363 1633; x_wconf 88' lang='lat'>3.</span> <span class='ocrx_word' id='word_1_86' title='bbox 383 1598 499 1633; x_wconf 93' lang='grc'><strong>2010.</strong></span> <span class='ocrx_word' id='word_1_87' title='bbox 529 1595 665 1633; x_wconf 88' lang='lat' dir='ltr'>Codex</span> <span class='ocrx_word' id='word_1_88' title='bbox 684 1596 924 1642; x_wconf 91' lang='lat' dir='ltr'>chartaceus,</span> <span class='ocrx_word' id='word_1_89' title='bbox 944 1596 1011 1646; x_wconf 91' lang='lat' dir='ltr'>qui</span> <span class='ocrx_word' id='word_1_90' title='bbox 1034 1597 1133 1634; x_wconf 86' lang='lat' dir='ltr'>inter</span> <span class='ocrx_word' id='word_1_91' title='bbox 1155 1598 1226 1634; x_wconf 87' lang='lat' dir='ltr'>alia</span> <span class='ocrx_word' id='word_1_92' title='bbox 1252 1597 1360 1648; x_wconf 83' lang='lat' dir='ltr'>plura</span> <span class='ocrx_word' id='word_1_93' title='bbox 1386 1595 1557 1635; x_wconf 85' lang='lat' dir='ltr'>continet</span> <span class='ocrx_word' id='word_1_94' title='bbox 1580 1610 1665 1635; x_wconf 86' lang='lat' dir='ltr'>ean-</span> 
     </span>
     <span class='ocr_line' id='line_1_14' title="bbox 232 1655 1662 1708; baseline 0.002 -15"><span class='ocrx_word' id='word_1_95' title='bbox 232 1655 320 1693; x_wconf 89' lang='lat' dir='ltr'>dem</span> <span class='ocrx_word' id='word_1_96' title='bbox 336 1655 516 1694; x_wconf 76' lang='lat' dir='ltr'>Isocratis</span> <span class='ocrx_word' id='word_1_97' title='bbox 532 1657 743 1694; x_wconf 89' lang='lat' dir='ltr'>orationem</span> <span class='ocrx_word' id='word_1_98' title='bbox 759 1657 806 1694; x_wconf 85' lang='lat' dir='ltr'>ad</span> <span class='ocrx_word' id='word_1_99' title='bbox 825 1657 1077 1694; x_wconf 89' lang='lat' dir='ltr'>Demouicum</span> <span class='ocrx_word' id='word_1_100' title='bbox 1093 1671 1179 1695; x_wconf 86' lang='lat' dir='ltr'>cum</span> <span class='ocrx_word' id='word_1_101' title='bbox 1195 1658 1330 1708; x_wconf 84' lang='lat' dir='ltr'>glossis</span> <span class='ocrx_word' id='word_1_102' title='bbox 1344 1658 1662 1696; x_wconf 84' lang='lat' dir='ltr'>interlinearibus.</span> 
     </span>
     <span class='ocr_line' id='line_1_15' title="bbox 234 1718 1662 1771; baseline 0.002 -17"><span class='ocrx_word' id='word_1_103' title='bbox 234 1718 405 1761; x_wconf 85' lang='lat' dir='ltr'>Quarum</span> <span class='ocrx_word' id='word_1_104' title='bbox 428 1718 640 1768; x_wconf 87' lang='lat' dir='ltr'>glossarum</span> <span class='ocrx_word' id='word_1_105' title='bbox 671 1719 874 1770; x_wconf 81' lang='lat' dir='ltr'>scripturae</span> <span class='ocrx_word' id='word_1_106' title='bbox 909 1719 1138 1756; x_wconf 85' lang='lat' dir='ltr'>lineamenta</span> <span class='ocrx_word' id='word_1_107' title='bbox 1169 1733 1286 1770; x_wconf 90' lang='lat' dir='ltr'>quum</span> <span class='ocrx_word' id='word_1_108' title='bbox 1319 1733 1429 1771; x_wconf 81' lang='lat' dir='ltr'>paene</span> <span class='ocrx_word' id='word_1_109' title='bbox 1462 1720 1662 1758; x_wconf 80' lang='lat' dir='ltr'>obliterata</span> 
     </span>
     <span class='ocr_line' id='line_1_16' title="bbox 232 1779 1661 1830; baseline 0.003 -15"><span class='ocrx_word' id='word_1_110' title='bbox 232 1779 322 1825; x_wconf 87' lang='lat' dir='ltr'>sint,</span> <span class='ocrx_word' id='word_1_111' title='bbox 350 1785 389 1816; x_wconf 90' lang='lat' dir='ltr'>et</span> <span class='ocrx_word' id='word_1_112' title='bbox 413 1780 506 1816; x_wconf 89' lang='lat' dir='ltr'>mihi</span> <span class='ocrx_word' id='word_1_113' title='bbox 532 1781 667 1818; x_wconf 88' lang='lat' dir='ltr'>saltem</span> <span class='ocrx_word' id='word_1_114' title='bbox 684 1781 810 1830; x_wconf 87' lang='lat' dir='ltr'>legere</span> <span class='ocrx_word' id='word_1_115' title='bbox 830 1781 984 1818; x_wconf 85' lang='lat' dir='ltr'>conanti</span> <span class='ocrx_word' id='word_1_116' title='bbox 1004 1780 1200 1830; x_wconf 82' lang='lat' dir='ltr'>impervia,</span> <span class='ocrx_word' id='word_1_117' title='bbox 1227 1781 1321 1818; x_wconf 87' lang='lat' dir='ltr'>nihil</span> <span class='ocrx_word' id='word_1_118' title='bbox 1347 1782 1436 1819; x_wconf 89' lang='lat' dir='ltr'>inde</span> <span class='ocrx_word' id='word_1_119' title='bbox 1458 1782 1661 1819; x_wconf 83' lang='lat' dir='ltr'>extrudere</span> 
     </span>
     <span class='ocr_line' id='line_1_17' title="bbox 233 1840 1463 1892; baseline 0.002 -15"><span class='ocrx_word' id='word_1_120' title='bbox 233 1841 354 1890; x_wconf 88' lang='lat' dir='ltr'>potui.</span> <span class='ocrx_word' id='word_1_121' title='bbox 410 1840 448 1878; x_wconf 91' lang='lat' dir='ltr'>Is</span> <span class='ocrx_word' id='word_1_122' title='bbox 465 1841 600 1880; x_wconf 84' lang='lat' dir='ltr'>Codex</span> <span class='ocrx_word' id='word_1_123' title='bbox 619 1841 760 1879; x_wconf 87' lang='lat' dir='ltr'>saeculo</span> <span class='ocrx_word' id='word_1_124' title='bbox 782 1842 932 1879; x_wconf 86' lang='lat' dir='ltr'>decimo</span> <span class='ocrx_word' id='word_1_125' title='bbox 953 1850 1090 1892; x_wconf 80' lang='lat' dir='ltr'>quarto</span> <span class='ocrx_word' id='word_1_126' title='bbox 1109 1850 1285 1879; x_wconf 83' lang='lat' dir='ltr'>exaratus</span> <span class='ocrx_word' id='word_1_127' title='bbox 1306 1843 1463 1880; x_wconf 75' lang='lat' dir='ltr'>videtui.</span> 
     </span>
    </p>

    <p class='ocr_par' dir='ltr' id='par_1_8' title="bbox 233 1902 1662 2075">
     <span class='ocr_line' id='line_1_18' title="bbox 287 1902 1662 1954; baseline 0.003 -16"><span class='ocrx_word' id='word_1_128' title='bbox 287 1914 314 1952; x_wconf 85' lang='lat' dir='ltr'>p</span> <span class='ocrx_word' id='word_1_129' title='bbox 329 1906 367 1939; x_wconf 89' lang='grc'>4.</span> <span class='ocrx_word' id='word_1_130' title='bbox 387 1905 506 1942; x_wconf 84' lang='grc'><strong>2077.</strong></span> <span class='ocrx_word' id='word_1_131' title='bbox 535 1902 670 1940; x_wconf 85' lang='lat' dir='ltr'>Codex</span> <span class='ocrx_word' id='word_1_132' title='bbox 689 1903 927 1949; x_wconf 82' lang='lat' dir='ltr'>chartaceus,</span> <span class='ocrx_word' id='word_1_133' title='bbox 953 1903 1042 1940; x_wconf 88' lang='lat' dir='ltr'>olim</span> <span class='ocrx_word' id='word_1_134' title='bbox 1065 1903 1322 1949; x_wconf 85' lang='lat' dir='ltr'>Colbertiuus‚</span> <span class='ocrx_word' id='word_1_135' title='bbox 1342 1904 1407 1954; x_wconf 86' lang='lat' dir='ltr'>qui</span> <span class='ocrx_word' id='word_1_136' title='bbox 1438 1903 1536 1941; x_wconf 85' lang='lat' dir='ltr'>inter</span> <span class='ocrx_word' id='word_1_137' title='bbox 1556 1905 1662 1954; x_wconf 82' lang='lat' dir='ltr'>plura</span> 
     </span>
     <span class='ocr_line' id='line_1_19' title="bbox 233 1962 1662 2004; baseline 0.002 -5"><span class='ocrx_word' id='word_1_138' title='bbox 233 1962 306 2000; x_wconf 87' lang='lat' dir='ltr'>alia</span> <span class='ocrx_word' id='word_1_139' title='bbox 325 1962 482 2001; x_wconf 84' lang='lat' dir='ltr'>exhibet</span> <span class='ocrx_word' id='word_1_140' title='bbox 500 1964 660 2001; x_wconf 87' lang='lat' dir='ltr'>eandem</span> <span class='ocrx_word' id='word_1_141' title='bbox 679 1965 858 2002; x_wconf 84' lang='lat' dir='ltr'>Isocratis</span> <span class='ocrx_word' id='word_1_142' title='bbox 874 1966 1082 2003; x_wconf 83' lang='lat' dir='ltr'>orationem</span> <span class='ocrx_word' id='word_1_143' title='bbox 1103 1965 1150 2002; x_wconf 90' lang='lat' dir='ltr'>ad</span> <span class='ocrx_word' id='word_1_144' title='bbox 1170 1966 1436 2003; x_wconf 89' lang='lat' dir='ltr'>Demonicum.</span> <span class='ocrx_word' id='word_1_145' title='bbox 1477 1967 1513 2003; x_wconf 89' lang='lat' dir='ltr'>ls</span> <span class='ocrx_word' id='word_1_146' title='bbox 1529 1967 1662 2004; x_wconf 84' lang='lat' dir='ltr'>Codex</span> 
     </span>
     <span class='ocr_line' id='line_1_20' title="bbox 235 2024 1080 2075; baseline 0.005 -15"><span class='ocrx_word' id='word_1_147' title='bbox 235 2024 377 2062; x_wconf 90' lang='lat' dir='ltr'>saeculo</span> <span class='ocrx_word' id='word_1_148' title='bbox 397 2025 548 2063; x_wconf 87' lang='lat' dir='ltr'>decimo</span> <span class='ocrx_word' id='word_1_149' title='bbox 569 2026 704 2075; x_wconf 87' lang='lat' dir='ltr'>quinto</span> <span class='ocrx_word' id='word_1_150' title='bbox 723 2027 874 2064; x_wconf 88' lang='lat' dir='ltr'>videtur</span> <span class='ocrx_word' id='word_1_151' title='bbox 893 2034 1080 2068; x_wconf 83' lang='lat' dir='ltr'>exaratus.</span> 
     </span>
    </p>

    <p class='ocr_par' dir='ltr' id='par_1_9' title="bbox 234 2087 1664 2322">
     <span class='ocr_line' id='line_1_21' title="bbox 287 2087 1663 2139; baseline 0.004 -16"><span class='ocrx_word' id='word_1_152' title='bbox 287 2098 312 2135; x_wconf 90' lang='lat' dir='ltr'>p</span> <span class='ocrx_word' id='word_1_153' title='bbox 330 2090 366 2124; x_wconf 83' lang='lat'>5.</span> <span class='ocrx_word' id='word_1_154' title='bbox 389 2089 507 2126; x_wconf 83' lang='grc'><strong>2557.</strong></span> <span class='ocrx_word' id='word_1_155' title='bbox 537 2087 671 2125; x_wconf 84' lang='lat' dir='ltr'>Codex</span> <span class='ocrx_word' id='word_1_156' title='bbox 690 2088 930 2132; x_wconf 84' lang='lat' dir='ltr'>chartaceus,</span> <span class='ocrx_word' id='word_1_157' title='bbox 958 2089 1021 2139; x_wconf 94' lang='lat' dir='ltr'>qui</span> <span class='ocrx_word' id='word_1_158' title='bbox 1048 2089 1146 2126; x_wconf 86' lang='lat' dir='ltr'>inter</span> <span class='ocrx_word' id='word_1_159' title='bbox 1172 2089 1243 2125; x_wconf 86' lang='lat' dir='ltr'>alia</span> <span class='ocrx_word' id='word_1_160' title='bbox 1269 2089 1375 2138; x_wconf 86' lang='lat' dir='ltr'>plura</span> <span class='ocrx_word' id='word_1_161' title='bbox 1402 2090 1550 2139; x_wconf 80' lang='lat' dir='ltr'>praebet</span> <span class='ocrx_word' id='word_1_162' title='bbox 1574 2104 1663 2128; x_wconf 86' lang='lat' dir='ltr'>can-</span> 
     </span>
     <span class='ocr_line' id='line_1_22' title="bbox 234 2147 1664 2203; baseline 0.003 -18"><span class='ocrx_word' id='word_1_163' title='bbox 234 2147 320 2185; x_wconf 89' lang='lat' dir='ltr'>dem</span> <span class='ocrx_word' id='word_1_164' title='bbox 337 2148 516 2186; x_wconf 86' lang='lat' dir='ltr'>Isocratis</span> <span class='ocrx_word' id='word_1_165' title='bbox 531 2149 737 2186; x_wconf 79' lang='lat' dir='ltr'>orationem</span> <span class='ocrx_word' id='word_1_166' title='bbox 759 2149 805 2187; x_wconf 83' lang='lat' dir='ltr'>ad</span> <span class='ocrx_word' id='word_1_167' title='bbox 827 2151 1093 2188; x_wconf 83' lang='lat' dir='ltr'>Demonicum.</span> <span class='ocrx_word' id='word_1_168' title='bbox 1138 2151 1191 2187; x_wconf 85' lang='lat' dir='ltr'>Ex</span> <span class='ocrx_word' id='word_1_169' title='bbox 1210 2150 1322 2199; x_wconf 87' lang='lat' dir='ltr'>hujus</span> <span class='ocrx_word' id='word_1_170' title='bbox 1338 2151 1482 2189; x_wconf 90' lang='lat' dir='ltr'>codicis</span> <span class='ocrx_word' id='word_1_171' title='bbox 1499 2153 1664 2203; x_wconf 85' lang='lat' dir='ltr'>margine</span> 
     </span>
     <span class='ocr_line' id='line_1_23' title="bbox 234 2210 1664 2262; baseline 0.003 -15"><span class='ocrx_word' id='word_1_172' title='bbox 234 2210 441 2248; x_wconf 83' lang='lat' dir='ltr'>distichum</span> <span class='ocrx_word' id='word_1_173' title='bbox 463 2224 536 2248; x_wconf 88' lang='lat' dir='ltr'>non</span> <span class='ocrx_word' id='word_1_174' title='bbox 561 2211 881 2249; x_wconf 86' lang='lat' dir='ltr'>contemnendum</span> <span class='ocrx_word' id='word_1_175' title='bbox 904 2212 1090 2262; x_wconf 76' lang='lat' dir='ltr'>assumpsi</span> <span class='ocrx_word' id='word_1_176' title='bbox 1109 2211 1178 2262; x_wconf 83' lang='lat' dir='ltr'>[cf.</span> <span class='ocrx_word' id='word_1_177' title='bbox 1197 2224 1234 2261; x_wconf 82' lang='lat' dir='ltr'>p.</span> <span class='ocrx_word' id='word_1_178' title='bbox 1251 2215 1314 2249; x_wconf 86' lang='lat'>91.</span> <span class='ocrx_word' id='word_1_179' title='bbox 1333 2212 1446 2261; x_wconf 84' lang='lat' dir='ltr'>not.].</span> <span class='ocrx_word' id='word_1_180' title='bbox 1487 2213 1525 2250; x_wconf 91' lang='lat' dir='ltr'>Is</span> <span class='ocrx_word' id='word_1_181' title='bbox 1542 2214 1664 2251; x_wconf 91' lang='lat' dir='ltr'>codex</span> 
     </span>
     <span class='ocr_line' id='line_1_24' title="bbox 237 2272 1083 2322; baseline 0.001 -13"><span class='ocrx_word' id='word_1_182' title='bbox 237 2272 378 2309; x_wconf 86' lang='lat' dir='ltr'>saeculo</span> <span class='ocrx_word' id='word_1_183' title='bbox 398 2273 548 2310; x_wconf 88' lang='lat' dir='ltr'>decimo</span> <span class='ocrx_word' id='word_1_184' title='bbox 569 2273 704 2322; x_wconf 88' lang='lat' dir='ltr'>quinto</span> <span class='ocrx_word' id='word_1_185' title='bbox 725 2280 900 2310; x_wconf 88' lang='lat' dir='ltr'>exaratus</span> <span class='ocrx_word' id='word_1_186' title='bbox 920 2273 1083 2311; x_wconf 89' lang='lat' dir='ltr'>videtur.</span> 
     </span>
    </p>

    <p class='ocr_par' dir='ltr' id='par_1_10' title="bbox 234 2334 1668 2558">
     <span class='ocr_line' id='line_1_25' title="bbox 290 2334 1665 2385; baseline 0.001 -14"><span class='ocrx_word' id='word_1_187' title='bbox 290 2347 315 2384; x_wconf 87' lang='lat' dir='ltr'>p</span> <span class='ocrx_word' id='word_1_188' title='bbox 330 2338 367 2371; x_wconf 89' lang='lat'>6.</span> <span class='ocrx_word' id='word_1_189' title='bbox 389 2338 506 2373; x_wconf 82' lang='lat'>2596.</span> <span class='ocrx_word' id='word_1_190' title='bbox 536 2335 670 2372; x_wconf 87' lang='lat' dir='ltr'>Codex</span> <span class='ocrx_word' id='word_1_191' title='bbox 685 2335 949 2385; x_wconf 81' lang='lat' dir='ltr'>bombycinus,</span> <span class='ocrx_word' id='word_1_192' title='bbox 965 2336 1028 2385; x_wconf 90' lang='lat' dir='ltr'>qui</span> <span class='ocrx_word' id='word_1_193' title='bbox 1048 2335 1145 2372; x_wconf 80' lang='lat' dir='ltr'>inter</span> <span class='ocrx_word' id='word_1_194' title='bbox 1159 2334 1275 2371; x_wconf 74' lang='lat' dir='ltr'>multa</span> <span class='ocrx_word' id='word_1_195' title='bbox 1288 2334 1358 2371; x_wconf 85' lang='lat' dir='ltr'>alia</span> <span class='ocrx_word' id='word_1_196' title='bbox 1377 2334 1492 2372; x_wconf 85' lang='lat' dir='ltr'>habet</span> <span class='ocrx_word' id='word_1_197' title='bbox 1507 2335 1665 2373; x_wconf 84' lang='lat' dir='ltr'>eandem</span> 
     </span>
     <span class='ocr_line' id='line_1_26' title="bbox 238 2396 1668 2447; baseline 0.001 -14"><span class='ocrx_word' id='word_1_198' title='bbox 238 2397 418 2435; x_wconf 83' lang='lat' dir='ltr'>Isocratis</span> <span class='ocrx_word' id='word_1_199' title='bbox 437 2397 646 2435; x_wconf 86' lang='lat' dir='ltr'>orationem</span> <span class='ocrx_word' id='word_1_200' title='bbox 667 2398 714 2435; x_wconf 89' lang='lat' dir='ltr'>ad</span> <span class='ocrx_word' id='word_1_201' title='bbox 739 2398 1004 2435; x_wconf 86' lang='lat' dir='ltr'>Demouicum.</span> <span class='ocrx_word' id='word_1_202' title='bbox 1064 2397 1236 2447; x_wconf 88' lang='lat' dir='ltr'>Hujusce</span> <span class='ocrx_word' id='word_1_203' title='bbox 1263 2396 1409 2433; x_wconf 88' lang='lat' dir='ltr'>codicis</span> <span class='ocrx_word' id='word_1_204' title='bbox 1430 2409 1517 2446; x_wconf 80' lang='lat' dir='ltr'>pars</span> <span class='ocrx_word' id='word_1_205' title='bbox 1545 2398 1668 2447; x_wconf 88' lang='lat' dir='ltr'>major</span> 
     </span>
     <span class='ocr_line' id='line_1_27' title="bbox 237 2457 1666 2509; baseline 0.001 -14"><span class='ocrx_word' id='word_1_206' title='bbox 237 2458 379 2496; x_wconf 81' lang='lat' dir='ltr'>saeculo</span> <span class='ocrx_word' id='word_1_207' title='bbox 392 2458 542 2496; x_wconf 83' lang='lat' dir='ltr'>decimo</span> <span class='ocrx_word' id='word_1_208' title='bbox 553 2465 706 2509; x_wconf 83' lang='lat' dir='ltr'>quarto,</span> <span class='ocrx_word' id='word_1_209' title='bbox 716 2458 861 2508; x_wconf 88' lang='lat' dir='ltr'>reliqua</span> <span class='ocrx_word' id='word_1_210' title='bbox 874 2471 974 2495; x_wconf 81' lang='lat' dir='ltr'>anno</span> <span class='ocrx_word' id='word_1_211' title='bbox 987 2457 1131 2495; x_wconf 85' lang='lat' dir='ltr'>Christi</span> <span class='ocrx_word' id='word_1_212' title='bbox 1146 2457 1370 2496; x_wconf 91' lang='lat' dir='ltr'>MCCCCX</span> <span class='ocrx_word' id='word_1_213' title='bbox 1378 2457 1498 2496; x_wconf 86' lang='lat' dir='ltr'><strong>LVII.</strong></span> <span class='ocrx_word' id='word_1_214' title='bbox 1514 2465 1666 2496; x_wconf 85' lang='lat' dir='ltr'>exarata</span> 
     </span>
     <span class='ocr_line' id='line_1_28' title="bbox 234 2526 335 2558; baseline 0.02 -2"><span class='ocrx_word' id='word_1_215' title='bbox 234 2526 335 2558; x_wconf 86' lang='lat' dir='ltr'>sunt.</span> 
     </span>
    </p>

    <p class='ocr_par' dir='ltr' id='par_1_11' title="bbox 235 2581 1667 2741">
     <span class='ocr_line' id='line_1_29' title="bbox 289 2581 1665 2632; baseline -0.002 -11"><span class='ocrx_word' id='word_1_216' title='bbox 289 2594 315 2631; x_wconf 88' lang='lat' dir='ltr'>p</span> <span class='ocrx_word' id='word_1_217' title='bbox 330 2585 369 2621; x_wconf 86' lang='lat'>7.</span> <span class='ocrx_word' id='word_1_218' title='bbox 389 2584 506 2621; x_wconf 88' lang='grc'><strong>2678.</strong></span> <span class='ocrx_word' id='word_1_219' title='bbox 543 2581 676 2619; x_wconf 85' lang='lat' dir='ltr'>Codex</span> <span class='ocrx_word' id='word_1_220' title='bbox 711 2582 948 2624; x_wconf 86' lang='lat' dir='ltr'>chartaceus,</span> <span class='ocrx_word' id='word_1_221' title='bbox 991 2581 1053 2632; x_wconf 86' lang='lat' dir='ltr'>qui</span> <span class='ocrx_word' id='word_1_222' title='bbox 1087 2581 1183 2617; x_wconf 81' lang='lat' dir='ltr'>iuter</span> <span class='ocrx_word' id='word_1_223' title='bbox 1213 2581 1286 2618; x_wconf 85' lang='lat' dir='ltr'>alia</span> <span class='ocrx_word' id='word_1_224' title='bbox 1313 2581 1423 2631; x_wconf 87' lang='lat' dir='ltr'>plura</span> <span class='ocrx_word' id='word_1_225' title='bbox 1457 2583 1665 2619; x_wconf 82' lang='lat' dir='ltr'>orationem</span> 
     </span>
     <span class='ocr_line' id='line_1_30' title="bbox 235 2643 1667 2681; baseline 0 -2"><span class='ocrx_word' id='word_1_226' title='bbox 235 2643 352 2680; x_wconf 87' lang='lat' dir='ltr'>habet</span> <span class='ocrx_word' id='word_1_227' title='bbox 373 2643 553 2680; x_wconf 83' lang='lat' dir='ltr'>Isocratis</span> <span class='ocrx_word' id='word_1_228' title='bbox 572 2643 618 2680; x_wconf 88' lang='lat' dir='ltr'>ad</span> <span class='ocrx_word' id='word_1_229' title='bbox 642 2643 854 2680; x_wconf 72' lang='lat' dir='ltr'>Nicoclem,</span> <span class='ocrx_word' id='word_1_230' title='bbox 911 2643 949 2679; x_wconf 90' lang='lat' dir='ltr'>Is</span> <span class='ocrx_word' id='word_1_231' title='bbox 970 2643 1090 2679; x_wconf 84' lang='lat' dir='ltr'>codex</span> <span class='ocrx_word' id='word_1_232' title='bbox 1117 2643 1257 2680; x_wconf 84' lang='lat' dir='ltr'>saeculo</span> <span class='ocrx_word' id='word_1_233' title='bbox 1279 2643 1432 2681; x_wconf 88' lang='lat' dir='ltr'>decimo</span> <span class='ocrx_word' id='word_1_234' title='bbox 1452 2651 1559 2681; x_wconf 81' lang='lat' dir='ltr'>sexto</span> <span class='ocrx_word' id='word_1_235' title='bbox 1579 2657 1667 2679; x_wconf 86' lang='lat' dir='ltr'>exa-</span> 
     </span>
     <span class='ocr_line' id='line_1_31' title="bbox 235 2704 520 2741; baseline 0 0"><span class='ocrx_word' id='word_1_236' title='bbox 235 2712 339 2741; x_wconf 89' lang='lat' dir='ltr'>ratus</span> <span class='ocrx_word' id='word_1_237' title='bbox 359 2704 520 2741; x_wconf 85' lang='lat' dir='ltr'>videtur.</span> 
     </span>
    </p>

    <p class='ocr_par' dir='ltr' id='par_1_12' title="bbox 235 2765 1667 2999">
     <span class='ocr_line' id='line_1_32' title="bbox 288 2765 1667 2816; baseline -0.001 -13"><span class='ocrx_word' id='word_1_238' title='bbox 288 2779 314 2816; x_wconf 86' lang='lat' dir='ltr'>p</span> <span class='ocrx_word' id='word_1_239' title='bbox 329 2771 366 2803; x_wconf 82' lang='lat'>8.</span> <span class='ocrx_word' id='word_1_240' title='bbox 387 2770 503 2803; x_wconf 82' lang='grc'><strong>2930.</strong></span> <span class='ocrx_word' id='word_1_241' title='bbox 533 2765 665 2802; x_wconf 82' lang='lat' dir='ltr'>Codex</span> <span class='ocrx_word' id='word_1_242' title='bbox 687 2766 928 2815; x_wconf 83' lang='lat' dir='ltr'>chartaceus,</span> <span class='ocrx_word' id='word_1_243' title='bbox 950 2767 1013 2814; x_wconf 86' lang='lat' dir='ltr'>qui</span> <span class='ocrx_word' id='word_1_244' title='bbox 1036 2766 1132 2803; x_wconf 83' lang='lat' dir='ltr'>iuter</span> <span class='ocrx_word' id='word_1_245' title='bbox 1149 2766 1221 2802; x_wconf 88' lang='lat' dir='ltr'>alia</span> <span class='ocrx_word' id='word_1_246' title='bbox 1242 2767 1415 2805; x_wconf 80' lang='lat' dir='ltr'>continet</span> <span class='ocrx_word' id='word_1_247' title='bbox 1435 2779 1566 2804; x_wconf 83' lang='lat' dir='ltr'>omnes</span> <span class='ocrx_word' id='word_1_248' title='bbox 1590 2767 1667 2802; x_wconf 82' lang='lat' dir='ltr'>lso—·</span> 
     </span>
     <span class='ocr_line' id='line_1_33' title="bbox 235 2826 1667 2877; baseline -0.001 -14"><span class='ocrx_word' id='word_1_249' title='bbox 235 2827 351 2864; x_wconf 84' lang='lat' dir='ltr'>cratis</span> <span class='ocrx_word' id='word_1_250' title='bbox 369 2828 573 2871; x_wconf 85' lang='lat' dir='ltr'>orationes,</span> <span class='ocrx_word' id='word_1_251' title='bbox 593 2840 678 2864; x_wconf 88' lang='lat' dir='ltr'>cum</span> <span class='ocrx_word' id='word_1_252' title='bbox 697 2827 872 2863; x_wconf 71' lang='lat' dir='ltr'>brevibus</span> <span class='ocrx_word' id='word_1_253' title='bbox 894 2827 1048 2864; x_wconf 80' lang='lat' dir='ltr'>scholiis</span> <span class='ocrx_word' id='word_1_254' title='bbox 1067 2827 1114 2863; x_wconf 78' lang='lat' dir='ltr'>ad</span> <span class='ocrx_word' id='word_1_255' title='bbox 1139 2830 1344 2877; x_wconf 82' lang='lat' dir='ltr'>marginem</span> <span class='ocrx_word' id='word_1_256' title='bbox 1367 2827 1566 2877; x_wconf 84' lang='lat' dir='ltr'>conjectis.</span> <span class='ocrx_word' id='word_1_257' title='bbox 1608 2826 1667 2862; x_wconf 85' lang='lat' dir='ltr'>Dc</span> 
     </span>
     <span class='ocr_line' id='line_1_34' title="bbox 237 2887 1667 2937; baseline 0 -13"><span class='ocrx_word' id='word_1_258' title='bbox 237 2888 296 2925; x_wconf 87' lang='lat' dir='ltr'>his</span> <span class='ocrx_word' id='word_1_259' title='bbox 315 2889 470 2926; x_wconf 85' lang='lat' dir='ltr'>scholiis</span> <span class='ocrx_word' id='word_1_260' title='bbox 489 2889 588 2926; x_wconf 81' lang='lat' dir='ltr'>idem</span> <span class='ocrx_word' id='word_1_261' title='bbox 610 2888 713 2932; x_wconf 81' lang='lat' dir='ltr'>dico,</span> <span class='ocrx_word' id='word_1_262' title='bbox 736 2888 838 2936; x_wconf 83' lang='lat' dir='ltr'>quod</span> <span class='ocrx_word' id='word_1_263' title='bbox 861 2888 907 2924; x_wconf 83' lang='lat' dir='ltr'>(lc</span> <span class='ocrx_word' id='word_1_264' title='bbox 929 2889 1063 2937; x_wconf 76' lang='lat' dir='ltr'>glossis</span> <span class='ocrx_word' id='word_1_265' title='bbox 1093 2888 1396 2925; x_wconf 82' lang='lat' dir='ltr'>interlincaribus</span> <span class='ocrx_word' id='word_1_266' title='bbox 1417 2887 1561 2923; x_wconf 81' lang='lat' dir='ltr'>codicis</span> <span class='ocrx_word' id='word_1_267' title='bbox 1582 2899 1606 2935; x_wconf 85' lang='lat' dir='ltr'>p</span> <span class='ocrx_word' id='word_1_268' title='bbox 1629 2891 1667 2924; x_wconf 86' lang='lat'>3.</span> 
     </span>
     <span class='ocr_line' id='line_1_35' title="bbox 237 2947 1667 2999; baseline -0.001 -14"><span class='ocrx_word' id='word_1_269' title='bbox 237 2949 309 2986; x_wconf 88' lang='lat' dir='ltr'>Hic</span> <span class='ocrx_word' id='word_1_270' title='bbox 337 2957 468 2999; x_wconf 79' lang='lat' dir='ltr'>peccat</span> <span class='ocrx_word' id='word_1_271' title='bbox 491 2949 697 2997; x_wconf 70' lang='lat' dir='ltr'>Catulogus</span> <span class='ocrx_word' id='word_1_272' title='bbox 731 2950 932 2998; x_wconf 58' lang='lat' dir='ltr'>impressus&lt;</span> <span class='ocrx_word' id='word_1_273' title='bbox 969 2950 1082 2985; x_wconf 72' lang='lat' dir='ltr'>MSS.</span> <span class='ocrx_word' id='word_1_274' title='bbox 1113 2949 1358 2986; x_wconf 74' lang='lat' dir='ltr'>bibliotheca·</span> <span class='ocrx_word' id='word_1_275' title='bbox 1388 2948 1526 2996; x_wconf 66' lang='lat' dir='ltr'>Rvgim,</span> <span class='ocrx_word' id='word_1_276' title='bbox 1555 2947 1667 2994; x_wconf 68' lang='lat' dir='ltr'>siqui-</span> 
     </span>
    </p>
   </div>
  </div>
 </body>
</html>
