1924 3314
266 191 321 231 30
795 182 851 224 Η.
883 181 1183 223 STEPHANI

318 303 389 348 (2.)
410 298 544 337 Ethica
558 303 685 335 tamen
700 309 747 335 an
763 297 888 334 minus
902 297 988 334 huic
1010 301 1143 333 nostro
1160 294 1322 332 Isocrati
1337 306 1452 345 quam
1469 294 1630 344 politica
1644 308 1712 333 co-

268 361 373 410 gnita
394 359 550 403 suerint,
571 358 610 395 in
631 358 790 396 dubium
811 357 970 395 fortasse
991 356 1182 406 quispiam
1202 360 1337 392 vocet:
1366 362 1405 392 at
1425 354 1533 399 mihi,
1549 368 1627 392 non
1647 356 1715 393 mi-

270 433 401 458 norem
424 419 576 456 illorum
603 431 719 467 quam
749 419 882 455 horum
911 417 1169 467 cognitionem
1196 415 1380 465 adeptum
1402 429 1485 453 esse
1512 429 1598 454 eum
1629 430 1718 467 per-

270 480 527 518 suasissimum
541 485 612 516 est.
651 478 727 516 Sed
739 479 843 516 circa
858 479 956 515 hanc
971 476 1255 527 philosophiam
1269 475 1416 525 aliquid
1431 476 1505 514 sibi
1521 477 1721 526 peculiare

270 541 329 578 vel
349 540 478 590 potius
498 539 626 589 aliqua
648 539 718 576 sibi
738 539 949 589 peculiaria
968 538 1146 575 habuisse
1168 537 1341 577 videtur:
1373 537 1471 574 adeo
1494 538 1651 587 quidem
1678 545 1721 576 ut

270 601 530 650 improborum
545 600 658 637 etiam
674 599 867 636 nonnullis
882 611 988 636 suam
1003 597 1193 648 quandam
1212 597 1389 634 virtutem
1407 597 1564 635 tribuat.
1601 598 1721 641 Quod

267 661 389 698 multo
408 662 526 709 magis
546 660 667 697 videri
688 672 763 696 non
784 660 906 696 solum
931 659 1149 708 παράδοξον,
1169 657 1238 695 sed
1266 658 1378 694 etiam
1406 658 1560 704 ἄτοπον,
1578 665 1721 708 potest,

269 734 383 770 quam
405 721 510 770 quod
531 720 620 757 alibi
641 720 742 769 apud
763 733 850 758 eum
869 720 1045 770 legimus,
1067 719 1237 768 aliquam
1257 732 1339 755 esse
1366 718 1633 767 ψευδολογίαν,
1653 720 1722 757 mi-

267 781 368 818 nime
403 781 700 829 reprehensione
731 781 797 818 sed
833 780 1081 818 excusatione
1114 779 1285 829 dignam.
1340 779 1464 816 Immo
1493 791 1582 817 vero
1610 779 1718 818 is'tud

267 843 372 892 quod
394 841 442 878 de
462 841 712 890 pseudologia
732 841 881 887 scribit,
901 841 1150 879 excusatione
1167 840 1296 890 digna,
1312 839 1469 877 omnino
1485 841 1721 888 excusabile,

265 916 338 940 nec
358 913 511 952 prorsus
533 914 672 939 novum
700 908 776 939 est:
806 908 846 939 at
872 901 967 939 illud
996 901 1159 939 alterum
1187 901 1236 938 de
1261 900 1528 950 improborum
1562 902 1720 946 virtute,

266 976 344 1000 non
365 962 524 1000 dubium
544 968 616 1007 est,
644 962 736 1012 quin
761 962 868 999 multi
891 963 967 999 tale
996 961 1069 998 sibi
1097 960 1217 998 videri
1243 960 1387 997 dicturi
1409 961 1486 998 sint
1506 961 1620 1010 quale
1647 974 1720 1010 ego

267 1023 358 1063 dixi.
415 1023 492 1060 Sed
514 1029 625 1060 erunt
643 1023 806 1061 fortasse
828 1023 911 1073 qui,
934 1023 1023 1060 huic
1043 1022 1166 1060 dictio
1190 1021 1426 1072 patrocinari
1455 1021 1642 1067 volentes,
1662 1022 1718 1058 la-

267 1093 396 1124 trones
415 1099 479 1123 seu
500 1085 704 1135 praedones
732 1086 769 1123 in
790 1085 1009 1135 exemplum
1035 1085 1212 1133 afferant,
1235 1084 1303 1134 qui
1331 1084 1368 1121 in
1395 1084 1599 1134 partienda
1621 1084 1720 1122 inter

266 1159 306 1184 se
326 1147 458 1197 praeda
473 1146 665 1195 justitiam
688 1160 840 1185 servare
860 1147 956 1184 dicti
982 1159 1003 1184 a
1028 1145 1223 1184 nonnullis
1250 1146 1420 1185 fuerunt.
1475 1146 1620 1183 Verum
1643 1145 1720 1182 illis

266 1209 576 1259 respondendum
598 1210 682 1255 erit,

561 1309 582 1322 “
601 1304 653 1335 Nil
669 1304 733 1343 agit
751 1304 925 1343 exemplum
942 1304 1022 1343 quod
1046 1303 1132 1333 litem
1149 1303 1204 1332 lite
1220 1302 1379 1333 resolvit.’'

268 1390 340 1435 Ac,
365 1389 543 1438 quoniam
566 1387 731 1437 justitiae
763 1386 904 1425 mentio
930 1385 1081 1430 incidit,
1111 1385 1185 1423 hoc
1220 1385 1379 1432 addam,
1407 1386 1492 1435 ejus
1526 1386 1723 1436 praecipue

269 1450 500 1487 mentionem
533 1449 582 1486 ab
613 1463 658 1486 eo
691 1449 832 1498 passim
868 1446 965 1492 fieri,
993 1461 1038 1485 ac
1065 1446 1256 1484 interdum
1286 1447 1386 1484 hanc
1415 1453 1453 1484 et
1483 1448 1722 1499 σωφροσύνην

267 1511 453 1561 copulari.
477 1517 519 1548 ut
539 1511 575 1547 in
597 1511 759 1548 Nicocle
780 1514 812 1556 ξ.
832 1514 865 1546 ι’.
887 1510 1038 1547 ἅπαντα
1058 1510 1131 1558 γάρ
1151 1513 1267 1545 ταῦτα
1290 1512 1527 1559 σωφροσύνης
1545 1507 1639 1556 ἔργα
1662 1508 1722 1544 καὶ

267 1572 498 1618 δικαιοσύνης
527 1572 640 1610 ἐστίν.
715 1570 939 1614 Quinetiam
983 1569 1078 1605 duas
1109 1569 1223 1605 hasce
1253 1569 1410 1606 virtutes
1441 1568 1595 1606 maximi
1623 1568 1725 1606 inter

267 1639 428 1670 caeteras
449 1633 563 1682 pretii
584 1645 666 1669 esse
689 1632 724 1668 in
747 1631 881 1668 eodem
903 1629 1094 1679 opusculo
1115 1628 1252 1666 scribit
1272 1633 1303 1676 ξ.
1325 1636 1370 1674 η’.
1387 1628 1491 1680 οἶμαι
1511 1632 1584 1679 γὰρ
1603 1630 1724 1678 ἔγωγε

266 1693 412 1735 πάντας
431 1695 478 1731 ἂν
497 1695 742 1743 ὁμολογῆσαι,
758 1693 933 1727 πλείστου
951 1695 1023 1728 τῶν
1043 1691 1183 1739 ἀρετῶν
1202 1691 1308 1735 ἀξίας
1328 1688 1421 1727 εἶναι
1440 1692 1507 1734 τὴν
1525 1705 1564 1727 τε
1585 1697 1724 1741 σωφρο-

269 1754 382 1800 σύνην
411 1756 470 1790 καὶ
501 1756 568 1798 τὴν
595 1752 840 1796 δικαιοσύνην.
903 1750 1127 1794 Quinetiam
1158 1750 1196 1787 in
1222 1749 1355 1788 libello
1382 1750 1430 1788 ad
1463 1750 1723 1791 Demonicum

265 1814 438 1863 copulari
459 1814 525 1851 lias
546 1813 732 1850 videmus.
791 1813 850 1849 Ac
871 1811 951 1849 scio
970 1811 1129 1861 quidem
1150 1810 1199 1848 ab
1220 1811 1351 1860 ali'quo
1374 1811 1436 1849 hic
1463 1811 1723 1861 quaestionem

267 1874 411 1912 moveri
432 1888 561 1924 posse,
580 1887 628 1911 an
649 1874 777 1911 facere
798 1872 909 1910 nobis
930 1873 1021 1910 satis
1042 1871 1108 1910 illa
1133 1873 1309 1922 exempla
1337 1872 1521 1918 debeant,
1542 1872 1648 1922 quod
1674 1885 1723 1910 an

267 1935 387 1972 nostri
407 1935 590 1972 Isocratis
612 1935 687 1972 sint
706 1934 771 1971 illa
799 1933 988 1983 opuscula
1016 1932 1218 1971 dubitetur
1236 1933 1369 1981 (immo
1399 1945 1491 1970 vero
1519 1932 1574 1975 de
1593 1932 1721 1982 priore

267 1996 370 2034 nulla
400 1996 640 2046 relinquatur
668 1995 877 2040 dubitatio,
909 1995 1005 2044 quin
1034 1994 1133 2032 alius
1163 1995 1348 2032 Isocratis
1379 1994 1458 2042 sit),
1484 2006 1615 2036 verum
1649 2007 1722 2043 ego

267 2057 428 2094 eandem
450 2056 737 2106 copulationem
758 2061 799 2094 et
819 2055 856 2094 in
876 2054 1111 2105 quibusdam
1131 2055 1228 2093 locis
1250 2068 1348 2104 quos
1373 2068 1458 2092 esse
1485 2055 1607 2092 nostri
1630 2054 1723 2093 scri-

269 2116 392 2167 ptoris
405 2123 569 2164 constat,
584 2129 642 2154 me
660 2117 863 2154 observare
880 2116 1054 2154 memini:
1085 2122 1123 2154 et
1138 2116 1297 2165 aliquod
1311 2115 1475 2153 fortasse
1491 2115 1722 2166 exemplum,

268 2182 476 2226 antequam
505 2177 553 2215 de
578 2178 732 2227 justitia
759 2176 918 2215 dicendi
946 2177 1063 2215 finem
1093 2176 1245 2223 faciam,
1277 2190 1358 2215 sum
1388 2177 1588 2215 allaturus.
1644 2177 1725 2214 Ista

269 2237 425 2288 quidem
443 2237 520 2275 duo
536 2240 727 2289 καρτερίαν
742 2244 781 2276 et
794 2238 1034 2290 σωφροσύνην
1055 2237 1091 2274 in
1108 2238 1397 2275 Panathenaico
1410 2236 1596 2287 conjungi
1615 2236 1722 2274 vide-

271 2311 352 2335 mus
381 2302 410 2345 ξ.
432 2299 495 2336 06'.
516 2299 674 2345 Verum,
692 2299 741 2337 ad
774 2299 1009 2346 δικαιοσύνην
1037 2306 1081 2337 ut
1108 2305 1292 2344 revertar,
1312 2298 1445 2336 mirum
1471 2298 1630 2348 quidem
1658 2311 1724 2336 ne-

271 2358 361 2396 mini
381 2358 496 2396 videri
518 2360 655 2408 possit,
670 2360 772 2397 illam
793 2373 879 2397 cum
903 2360 1116 2411 σωφροσύνη
1138 2359 1347 2408 conjungi:
1377 2358 1444 2396 sed
1464 2359 1539 2396 ἀπὸ
1558 2365 1623 2404 τῆς
1641 2361 1724 2409 ἁρε-

271 2427 335 2465 τῆς
354 2420 538 2470 separari,
551 2420 589 2457 id
610 2433 699 2458 vero
718 2421 780 2457 vix
796 2421 860 2458 ulli
876 2421 1011 2458 mirum
1028 2434 1107 2458 non
1120 2419 1291 2457 futurum
1308 2419 1487 2457 arbitror.
1545 2419 1725 2470 Legimus

271 2486 398 2519 tamen
415 2482 475 2519 De
494 2482 591 2519 Pace
608 2482 645 2519 in
662 2480 727 2520 fin.
743 2483 1012 2533 προτρέψουσιν
1028 2482 1082 2520 ἐπ’
1093 2483 1223 2531 ἀρετ-ὴν
1237 2483 1295 2518 καὶ
1311 2481 1557 2528 δικαιοσύνην.
1571 2490 1575 2493 “
1605 2482 1725 2526 Quod

272 2549 400 2580 autem
421 2542 457 2579 in
476 2543 638 2581 Panath.
658 2547 689 2590 ξ.
704 2546 776 2593 μθ’.
796 2550 932 2589 exstat,
949 2545 1078 2594 ἀρετ-ῆς
1099 2544 1159 2579 καὶ
1178 2544 1401 2594 φρονήσεως,
1424 2555 1502 2581 non
1521 2542 1652 2581 itidem
1674 2544 1727 2582 vi-

274 2601 356 2640 deri
381 2602 515 2639 mirum
540 2603 680 2641 debere
707 2603 883 2649 dixerim,
908 2604 1013 2654 quod
1042 2603 1250 2641 nonnullos
1266 2606 1448 2654 (quorum
1477 2603 1726 2653 Aristoteles)

273 2665 461 2714 φρόνησιν,
478 2663 514 2700 id
534 2670 603 2709 est,
626 2663 884 2713 prudentiam,
898 2665 934 2702 in
955 2665 1138 2703 virtutum
1160 2678 1320 2703 numero
1336 2665 1476 2704 scimus
1493 2664 1594 2704 haud
1612 2678 1728 2716 posu-

273 2723 362 2762 isse.
418 2724 457 2760 Si
477 2731 602 2762 autem
623 2724 721 2762 bene
742 2725 910 2771 memini,
931 2727 1046 2764 etiam
1065 2728 1199 2777 ἀρετὴν
1226 2728 1286 2763 καὶ
1309 2726 1482 2776 ἀνδρείαν
1507 2725 1647 2764 alicubi
1671 2726 1726 2764 ita

274 2784 385 2830 dicit,
406 2785 517 2834 quasi
537 2785 621 2823 lnaec
640 2798 831 2835 separanS.
890 2787 1031 2825 Verum
1053 2800 1100 2825 ne
1121 2787 1182 2825 hic
1205 2787 1360 2837 quidem
1382 2787 1474 2824 mihi
1494 2787 1596 2825 desit
1615 2787 1723 2837 quod

275 2845 543 2895 respondeam,
561 2859 691 2896 ‘quum
723 2846 759 2883 in
782 2846 943 2885 Panatb.
964 2852 994 2895 ξ.
1014 2851 1078 2886 σθ’.
1099 2849 1288 2899 legamus:
1318 2848 1438 2897 ἑώρων
1465 2850 1538 2896 γὰρ
1561 2849 1725 2893 ἅπαντες

275 2908 341 2950 τὴν
360 2905 428 2955 μὲν
445 2906 632 2957 εὒψυχίαν
650 2909 716 2952 τὴν
734 2909 936 2958 πολεμικὴν
952 2908 1121 2957 (dixerat
1140 2916 1266 2948 autem
1287 2914 1402 2947 antea
1425 2907 1614 2959 ἀνδρείαν)
1631 2912 1725 2948 πολ-

1906 3251 1924 3314 εῖν-τ
1908 3014 1920 3238 *af-‘zum
1911 3054 1924 3063 ;
1912 2952 1924 3014 ψ.-
