<?xml version="1.0" encoding="UTF-8"?>
<!DOCTYPE html PUBLIC "-//W3C//DTD XHTML 1.0 Transitional//EN"
    "http://www.w3.org/TR/xhtml1/DTD/xhtml1-transitional.dtd">
<html xmlns="http://www.w3.org/1999/xhtml" xml:lang="en" lang="en">
 <head>
  <title>
</title>
<meta http-equiv="Content-Type" content="text/html;charset=utf-8" />
  <meta name='ocr-system' content='tesseract 3.04.00' />
  <meta name='ocr-capabilities' content='ocr_page ocr_carea ocr_par ocr_line ocrx_word'/>
</head>
<body>
  <div class='ocr_page' id='page_1' title='image "./oratoresatticie03dobs/oratoresatticie03dobs_0080.png"; bbox 0 0 1924 3314; ppageno 0'>
   <div class='ocr_carea' id='block_1_1' title="bbox 295 165 1503 219">
    <p class='ocr_par' dir='ltr' id='par_1_1' title="bbox 295 165 1503 219">
     <span class='ocr_line' id='line_1_1' title="bbox 295 165 1503 219; baseline -0.004 0"><span class='ocrx_word' id='word_1_1' title='bbox 295 165 365 219; x_wconf 80' lang='grc'>56</span> <span class='ocrx_word' id='word_1_2' title='bbox 514 177 605 217; x_wconf 86' lang='grc' dir='ltr'>ΕΚ</span> <span class='ocrx_word' id='word_1_3' title='bbox 665 172 1097 217; x_wconf 76' lang='grc' dir='ltr'>ΔΙΟΝΥΣΙΟΥ</span> <span class='ocrx_word' id='word_1_4' title='bbox 1156 172 1503 214; x_wconf 84' lang='grc' dir='ltr'><strong>ΑΛΙΚΑΡΝ.</strong></span> 
     </span>
    </p>
   </div>
   <div class='ocr_carea' id='block_1_2' title="bbox 287 279 1739 2760">
    <p class='ocr_par' dir='ltr' id='par_1_2' title="bbox 287 279 1732 1507">
     <span class='ocr_line' id='line_1_2' title="bbox 294 279 1724 339; baseline -0.006 -10"><span class='ocrx_word' id='word_1_5' title='bbox 294 287 410 335; x_wconf 82' lang='grc' dir='ltr'>ὅλας,</span> <span class='ocrx_word' id='word_1_6' title='bbox 432 290 502 327; x_wconf 83' lang='grc' dir='ltr'>τοῦ</span> <span class='ocrx_word' id='word_1_7' title='bbox 521 288 619 339; x_wconf 83' lang='grc' dir='ltr'>Περὶ</span> <span class='ocrx_word' id='word_1_8' title='bbox 639 290 709 332; x_wconf 86' lang='grc' dir='ltr'>τῆς</span> <span class='ocrx_word' id='word_1_9' title='bbox 735 286 912 338; x_wconf 79' lang='grc' dir='ltr'>Εἰρήνης</span> <span class='ocrx_word' id='word_1_10' title='bbox 931 282 1084 336; x_wconf 67' lang='grc' dir='ltr'>λόγου,</span> <span class='ocrx_word' id='word_1_11' title='bbox 1105 283 1146 321; x_wconf 80' lang='grc' dir='ltr'>ἐν</span> <span class='ocrx_word' id='word_1_12' title='bbox 1167 281 1248 334; x_wconf 76' lang='grc' dir='ltr'>γὰρ</span> <span class='ocrx_word' id='word_1_13' title='bbox 1267 279 1316 329; x_wconf 86' lang='grc' dir='ltr'>δὴ</span> <span class='ocrx_word' id='word_1_14' title='bbox 1335 283 1462 335; x_wconf 76' lang='grc' dir='ltr'>τούτῳ</span> <span class='ocrx_word' id='word_1_15' title='bbox 1483 282 1609 322; x_wconf 62' lang='grc' dir='ltr'>πείθει</span> <span class='ocrx_word' id='word_1_16' title='bbox 1628 283 1724 328; x_wconf 85' lang='grc' dir='ltr'>τοὺς</span> 
     </span>
     <span class='ocr_line' id='line_1_3' title="bbox 292 335 1724 393; baseline -0.005 -9"><span class='ocrx_word' id='word_1_17' title='bbox 292 341 534 391; x_wconf 81' lang='grc' dir='ltr'>Ἀθηναίους</span> <span class='ocrx_word' id='word_1_18' title='bbox 552 342 633 382; x_wconf 86' lang='grc' dir='ltr'>τῶν</span> <span class='ocrx_word' id='word_1_19' title='bbox 648 344 720 393; x_wconf 76' lang='grc' dir='ltr'>μὲν</span> <span class='ocrx_word' id='word_1_20' title='bbox 740 339 975 393; x_wconf 82' lang='grc' dir='ltr'>ἆλλοτρίων</span> <span class='ocrx_word' id='word_1_21' title='bbox 993 339 1046 390; x_wconf 90' lang='grc' dir='ltr'>μὴ</span> <span class='ocrx_word' id='word_1_22' title='bbox 1067 335 1285 388; x_wconf 75' lang='grc' dir='ltr'>ἐπιθυμεῖν,</span> <span class='ocrx_word' id='word_1_23' title='bbox 1301 339 1362 378; x_wconf 80' lang='grc' dir='ltr'>ἐπὶ</span> <span class='ocrx_word' id='word_1_24' title='bbox 1384 336 1424 379; x_wconf 79' lang='grc' dir='ltr'>δὲ</span> <span class='ocrx_word' id='word_1_25' title='bbox 1443 342 1530 384; x_wconf 90' lang='grc' dir='ltr'>τοῖς</span> <span class='ocrx_word' id='word_1_26' title='bbox 1551 341 1724 391; x_wconf 78' lang='grc' dir='ltr'>παροῦσι</span> 
     </span>
     <span class='ocr_line' id='line_1_4' title="bbox 294 391 1724 452; baseline -0.004 -13"><span class='ocrx_word' id='word_1_27' title='bbox 294 401 486 452; x_wconf 84' lang='grc' dir='ltr'>στέργειν·</span> <span class='ocrx_word' id='word_1_28' title='bbox 509 401 570 438; x_wconf 83' lang='grc' dir='ltr'>καὶ</span> <span class='ocrx_word' id='word_1_29' title='bbox 598 399 679 437; x_wconf 87' lang='grc' dir='ltr'>τῶν</span> <span class='ocrx_word' id='word_1_30' title='bbox 705 399 777 449; x_wconf 79' lang='grc' dir='ltr'>μὲν</span> <span class='ocrx_word' id='word_1_31' title='bbox 797 398 948 449; x_wconf 78' lang='grc' dir='ltr'>μικρῶν</span> <span class='ocrx_word' id='word_1_32' title='bbox 974 393 1137 434; x_wconf 88' lang='grc' dir='ltr'>πόλεων</span> <span class='ocrx_word' id='word_1_33' title='bbox 1166 393 1386 446; x_wconf 76' lang='grc' dir='ltr'>ὡσπερανεὶ</span> <span class='ocrx_word' id='word_1_34' title='bbox 1408 393 1616 446; x_wconf 79' lang='grc' dir='ltr'>κτημάτων</span> <span class='ocrx_word' id='word_1_35' title='bbox 1641 391 1724 447; x_wconf 74' lang='grc' dir='ltr'>φεί-</span> 
     </span>
     <span class='ocr_line' id='line_1_5' title="bbox 294 449 1724 506; baseline -0.003 -12"><span class='ocrx_word' id='word_1_36' title='bbox 294 453 445 499; x_wconf 61' lang='grc' dir='ltr'>δεσθαι,</span> <span class='ocrx_word' id='word_1_37' title='bbox 469 454 564 500; x_wconf 86' lang='grc' dir='ltr'>τοὺς</span> <span class='ocrx_word' id='word_1_38' title='bbox 587 450 626 493; x_wconf 76' lang='grc' dir='ltr'>δὲ</span> <span class='ocrx_word' id='word_1_39' title='bbox 655 453 896 506; x_wconf 81' lang='grc' dir='ltr'>συμμάχους</span> <span class='ocrx_word' id='word_1_40' title='bbox 923 450 1058 502; x_wconf 70' lang='grc' dir='ltr'>εὐνοίᾳ</span> <span class='ocrx_word' id='word_1_41' title='bbox 1079 466 1118 489; x_wconf 87' lang='grc' dir='ltr'>τε</span> <span class='ocrx_word' id='word_1_42' title='bbox 1147 452 1210 489; x_wconf 88' lang='grc' dir='ltr'>καὶ</span> <span class='ocrx_word' id='word_1_43' title='bbox 1243 449 1484 502; x_wconf 74' lang='grc' dir='ltr'>εὐεργεσίαις</span> <span class='ocrx_word' id='word_1_44' title='bbox 1512 451 1724 503; x_wconf 64' lang='grc' dir='ltr'>πειρᾶσθαι</span> 
     </span>
     <span class='ocr_line' id='line_1_6' title="bbox 292 502 1723 564; baseline -0.003 -14"><span class='ocrx_word' id='word_1_45' title='bbox 292 512 483 564; x_wconf 78' lang='grc' dir='ltr'>κατέχειν,</span> <span class='ocrx_word' id='word_1_46' title='bbox 505 508 616 549; x_wconf 75' lang='grc' dir='ltr'>ἀλλὰ</span> <span class='ocrx_word' id='word_1_47' title='bbox 642 510 696 561; x_wconf 86' lang='grc' dir='ltr'>μὴ</span> <span class='ocrx_word' id='word_1_48' title='bbox 725 513 812 554; x_wconf 87' lang='grc' dir='ltr'>ταῖς</span> <span class='ocrx_word' id='word_1_49' title='bbox 840 507 1036 560; x_wconf 82' lang='grc' dir='ltr'>ἀνάγκαις</span> <span class='ocrx_word' id='word_1_50' title='bbox 1063 502 1158 557; x_wconf 76' lang='grc' dir='ltr'>μηδὲ</span> <span class='ocrx_word' id='word_1_51' title='bbox 1185 510 1274 551; x_wconf 83' lang='grc' dir='ltr'>ταῖς</span> <span class='ocrx_word' id='word_1_52' title='bbox 1296 504 1421 558; x_wconf 91' lang='grc' dir='ltr'>βίαις·</span> <span class='ocrx_word' id='word_1_53' title='bbox 1444 508 1525 546; x_wconf 86' lang='grc' dir='ltr'>τῶν</span> <span class='ocrx_word' id='word_1_54' title='bbox 1553 502 1593 546; x_wconf 79' lang='grc' dir='ltr'>δὲ</span> <span class='ocrx_word' id='word_1_55' title='bbox 1621 523 1723 560; x_wconf 91' lang='grc' dir='ltr'>προ-</span> 
     </span>
     <span class='ocr_line' id='line_1_7' title="bbox 291 559 1725 619; baseline -0.003 -12"><span class='ocrx_word' id='word_1_56' title='bbox 291 567 429 619; x_wconf 77' lang='grc' dir='ltr'>γόνων</span> <span class='ocrx_word' id='word_1_57' title='bbox 454 563 665 618; x_wconf 84' lang='grc' dir='ltr'>μιμεῖσθαι,</span> <span class='ocrx_word' id='word_1_58' title='bbox 691 565 745 617; x_wconf 87' lang='grc' dir='ltr'>μὴ</span> <span class='ocrx_word' id='word_1_59' title='bbox 770 565 864 610; x_wconf 85' lang='grc' dir='ltr'>τοὺς</span> <span class='ocrx_word' id='word_1_60' title='bbox 889 563 969 616; x_wconf 87' lang='grc' dir='ltr'>πρὸ</span> <span class='ocrx_word' id='word_1_61' title='bbox 1000 563 1083 601; x_wconf 91' lang='grc' dir='ltr'>τῶν</span> <span class='ocrx_word' id='word_1_62' title='bbox 1119 559 1364 602; x_wconf 79' lang='grc' dir='ltr'>Δεκελεικῶν</span> <span class='ocrx_word' id='word_1_63' title='bbox 1395 563 1654 615; x_wconf 85' lang='grc' dir='ltr'>γενομένους,</span> <span class='ocrx_word' id='word_1_64' title='bbox 1683 561 1725 603; x_wconf 78' lang='grc' dir='ltr'>οἳ</span> 
     </span>
     <span class='ocr_line' id='line_1_8' title="bbox 290 616 1725 676; baseline -0.003 -13"><span class='ocrx_word' id='word_1_65' title='bbox 290 621 429 676; x_wconf 77' lang='grc' dir='ltr'>μικροῦ</span> <span class='ocrx_word' id='word_1_66' title='bbox 456 620 616 668; x_wconf 80' lang='grc' dir='ltr'>ἐδέησαν</span> <span class='ocrx_word' id='word_1_67' title='bbox 637 619 835 660; x_wconf 80' lang='grc' dir='ltr'>ἀπολέσαι</span> <span class='ocrx_word' id='word_1_68' title='bbox 855 620 928 666; x_wconf 90' lang='grc' dir='ltr'>τὴν</span> <span class='ocrx_word' id='word_1_69' title='bbox 955 617 1095 666; x_wconf 86' lang='grc' dir='ltr'>πόλιν,</span> <span class='ocrx_word' id='word_1_70' title='bbox 1118 616 1229 657; x_wconf 82' lang='grc' dir='ltr'>ἀλλὰ</span> <span class='ocrx_word' id='word_1_71' title='bbox 1257 619 1352 664; x_wconf 87' lang='grc' dir='ltr'>τοὺς</span> <span class='ocrx_word' id='word_1_72' title='bbox 1371 618 1453 671; x_wconf 75' lang='grc' dir='ltr'>πρὸ</span> <span class='ocrx_word' id='word_1_73' title='bbox 1472 620 1554 658; x_wconf 89' lang='grc' dir='ltr'>τῶν</span> <span class='ocrx_word' id='word_1_74' title='bbox 1580 622 1725 673; x_wconf 88' lang='grc' dir='ltr'>Περσι-</span> 
     </span>
     <span class='ocr_line' id='line_1_9' title="bbox 290 670 1725 730; baseline -0.003 -12"><span class='ocrx_word' id='word_1_75' title='bbox 290 680 385 722; x_wconf 84' lang='grc' dir='ltr'>κῶν,</span> <span class='ocrx_word' id='word_1_76' title='bbox 413 677 455 718; x_wconf 85' lang='grc' dir='ltr'>οἳ</span> <span class='ocrx_word' id='word_1_77' title='bbox 480 677 781 730; x_wconf 56' lang='grc' dir='ltr'>καλοκαγαθίαν</span> <span class='ocrx_word' id='word_1_78' title='bbox 809 677 1025 721; x_wconf 74' lang='grc' dir='ltr'>ἀσκοῦντες</span> <span class='ocrx_word' id='word_1_79' title='bbox 1054 671 1292 715; x_wconf 69' lang='grc' dir='ltr'>διετέλεσαν·</span> <span class='ocrx_word' id='word_1_80' title='bbox 1315 670 1576 714; x_wconf 76' lang='grc' dir='ltr'>ἐπιδείκνυταί</span> <span class='ocrx_word' id='word_1_81' title='bbox 1598 672 1648 723; x_wconf 82' lang='grc' dir='ltr'>θ’,</span> <span class='ocrx_word' id='word_1_82' title='bbox 1668 675 1725 722; x_wconf 86' lang='grc' dir='ltr'>ὡς</span> 
     </span>
     <span class='ocr_line' id='line_1_10' title="bbox 290 728 1724 787; baseline -0.002 -14"><span class='ocrx_word' id='word_1_83' title='bbox 290 733 371 787; x_wconf 84' lang='grc' dir='ltr'>οὐχ</span> <span class='ocrx_word' id='word_1_84' title='bbox 392 734 430 773; x_wconf 82' lang='grc' dir='ltr'>αἱ</span> <span class='ocrx_word' id='word_1_85' title='bbox 457 731 612 773; x_wconf 81' lang='grc' dir='ltr'>πολλαὶ</span> <span class='ocrx_word' id='word_1_86' title='bbox 639 734 824 787; x_wconf 74' lang='grc' dir='ltr'>τριήρεις,</span> <span class='ocrx_word' id='word_1_87' title='bbox 851 729 937 772; x_wconf 81' lang='grc' dir='ltr'>οὐδ’</span> <span class='ocrx_word' id='word_1_88' title='bbox 969 733 1006 772; x_wconf 84' lang='grc' dir='ltr'>οἱ</span> <span class='ocrx_word' id='word_1_89' title='bbox 1032 732 1128 784; x_wconf 80' lang='grc' dir='ltr'>μετὰ</span> <span class='ocrx_word' id='word_1_90' title='bbox 1155 728 1257 784; x_wconf 83' lang='grc' dir='ltr'>βίας</span> <span class='ocrx_word' id='word_1_91' title='bbox 1285 728 1724 785; x_wconf 69' lang='grc' dir='ltr'>ἆρχόμενοι“”Ελληνες</span> 
     </span>
     <span class='ocr_line' id='line_1_11' title="bbox 287 784 1724 843; baseline -0.001 -13"><span class='ocrx_word' id='word_1_92' title='bbox 287 788 471 843; x_wconf 80' lang='grc' dir='ltr'>μεγάλην</span> <span class='ocrx_word' id='word_1_93' title='bbox 493 792 652 830; x_wconf 81' lang='grc' dir='ltr'>ποιοῦσι</span> <span class='ocrx_word' id='word_1_94' title='bbox 671 790 744 837; x_wconf 90' lang='grc' dir='ltr'>τὴν</span> <span class='ocrx_word' id='word_1_95' title='bbox 766 788 902 836; x_wconf 89' lang='grc' dir='ltr'>πόλιν,</span> <span class='ocrx_word' id='word_1_96' title='bbox 925 786 1020 828; x_wconf 78' lang='grc' dir='ltr'>ἀλλ’</span> <span class='ocrx_word' id='word_1_97' title='bbox 1041 789 1079 828; x_wconf 81' lang='grc' dir='ltr'>αἱ</span> <span class='ocrx_word' id='word_1_98' title='bbox 1101 784 1244 828; x_wconf 87' lang='grc' dir='ltr'>δίκαιαί</span> <span class='ocrx_word' id='word_1_99' title='bbox 1262 804 1301 827; x_wconf 89' lang='grc' dir='ltr'>τε</span> <span class='ocrx_word' id='word_1_100' title='bbox 1322 788 1572 840; x_wconf 75' lang='grc' dir='ltr'>προαιρέσεις,-</span> <span class='ocrx_word' id='word_1_101' title='bbox 1593 789 1657 828; x_wconf 80' lang='grc' dir='ltr'>καὶ</span> <span class='ocrx_word' id='word_1_102' title='bbox 1676 788 1724 828; x_wconf 86' lang='grc' dir='ltr'>τὸ</span> 
     </span>
     <span class='ocr_line' id='line_1_12' title="bbox 288 841 1723 900; baseline -0.001 -15"><span class='ocrx_word' id='word_1_103' title='bbox 288 851 375 893; x_wconf 89' lang='grc' dir='ltr'>τοῖς</span> <span class='ocrx_word' id='word_1_104' title='bbox 400 844 673 899; x_wconf 75' lang='grc' dir='ltr'>ἀδικουμένοις</span> <span class='ocrx_word' id='word_1_105' title='bbox 696 844 885 900; x_wconf 54' lang='grc' dir='ltr'>βοηθεῖν.</span> <span class='ocrx_word' id='word_1_106' title='bbox 907 842 1130 899; x_wconf 85' lang='grc' dir='ltr'>παρακαλεῖ</span> <span class='ocrx_word' id='word_1_107' title='bbox 1148 860 1188 883; x_wconf 85' lang='grc' dir='ltr'>τε</span> <span class='ocrx_word' id='word_1_108' title='bbox 1210 843 1283 890; x_wconf 87' lang='grc' dir='ltr'>τὴν</span> <span class='ocrx_word' id='word_1_109' title='bbox 1309 846 1392 884; x_wconf 89' lang='grc' dir='ltr'>τῶν</span> <span class='ocrx_word' id='word_1_110' title='bbox 1415 841 1641 892; x_wconf 47' lang='grc' dir='ltr'>(Ελλήνων</span> <span class='ocrx_word' id='word_1_111' title='bbox 1661 841 1723 883; x_wconf 78' lang='grc' dir='ltr'>εὔ-</span> 
     </span>
     <span class='ocr_line' id='line_1_13' title="bbox 290 895 1724 956; baseline -0.002 -13"><span class='ocrx_word' id='word_1_112' title='bbox 290 919 404 943; x_wconf 90' lang='grc' dir='ltr'>νοιαν</span> <span class='ocrx_word' id='word_1_113' title='bbox 432 904 577 944; x_wconf 78' lang='grc' dir='ltr'>οἰκείαν</span> <span class='ocrx_word' id='word_1_114' title='bbox 604 908 732 943; x_wconf 82' lang='grc' dir='ltr'>ποιεῖν</span> <span class='ocrx_word' id='word_1_115' title='bbox 758 905 806 956; x_wconf 71' lang='grc' dir='ltr'>τῇ</span> <span class='ocrx_word' id='word_1_116' title='bbox 834 900 965 948; x_wconf 88' lang='grc' dir='ltr'>πόλει,</span> <span class='ocrx_word' id='word_1_117' title='bbox 991 901 1184 954; x_wconf 78' lang='grc' dir='ltr'>μεγίστην</span> <span class='ocrx_word' id='word_1_118' title='bbox 1211 899 1441 953; x_wconf 86' lang='grc' dir='ltr'>ἡγούμενος</span> <span class='ocrx_word' id='word_1_119' title='bbox 1467 901 1574 953; x_wconf 83' lang='grc' dir='ltr'>πρὸς</span> <span class='ocrx_word' id='word_1_120' title='bbox 1599 895 1724 940; x_wconf 72' lang='grc' dir='ltr'>εὔδαι-</span> 
     </span>
     <span class='ocr_line' id='line_1_14' title="bbox 287 954 1725 1011; baseline -0.003 -11"><span class='ocrx_word' id='word_1_121' title='bbox 287 961 447 1011; x_wconf 89' lang='grc' dir='ltr'>μονίαν,</span> <span class='ocrx_word' id='word_1_122' title='bbox 469 963 531 1000; x_wconf 84' lang='grc' dir='ltr'>καὶ</span> <span class='ocrx_word' id='word_1_123' title='bbox 551 957 794 1011; x_wconf 84' lang='grc' dir='ltr'>πολεμικοὺς</span> <span class='ocrx_word' id='word_1_124' title='bbox 816 961 887 1011; x_wconf 78' lang='grc' dir='ltr'>μὲν</span> <span class='ocrx_word' id='word_1_125' title='bbox 909 957 1007 999; x_wconf 80' lang='grc' dir='ltr'>εἶναι</span> <span class='ocrx_word' id='word_1_126' title='bbox 1026 962 1111 1004; x_wconf 86' lang='grc' dir='ltr'>ταῖς</span> <span class='ocrx_word' id='word_1_127' title='bbox 1131 961 1402 1010; x_wconf 85' lang='grc' dir='ltr'>παρασκευαῖς</span> <span class='ocrx_word' id='word_1_128' title='bbox 1422 959 1484 996; x_wconf 83' lang='grc' dir='ltr'>καὶ</span> <span class='ocrx_word' id='word_1_129' title='bbox 1504 962 1592 1003; x_wconf 88' lang='grc' dir='ltr'>ταῖς</span> <span class='ocrx_word' id='word_1_130' title='bbox 1611 954 1725 1008; x_wconf 85' lang='grc' dir='ltr'>μελέ-</span> 
     </span>
     <span class='ocr_line' id='line_1_15' title="bbox 287 1009 1723 1069; baseline -0.001 -15"><span class='ocrx_word' id='word_1_131' title='bbox 287 1020 390 1063; x_wconf 89' lang='grc' dir='ltr'>ταῖς,</span> <span class='ocrx_word' id='word_1_132' title='bbox 417 1016 635 1069; x_wconf 77' lang='grc' dir='ltr'>εἰρηνικοὺς</span> <span class='ocrx_word' id='word_1_133' title='bbox 664 1013 703 1056; x_wconf 77' lang='grc' dir='ltr'>δὲ</span> <span class='ocrx_word' id='word_1_134' title='bbox 731 1017 786 1068; x_wconf 67' lang='grc' dir='ltr'>τῷ</span> <span class='ocrx_word' id='word_1_135' title='bbox 812 1012 959 1067; x_wconf 83' lang='grc' dir='ltr'>μηδένα</span> <span class='ocrx_word' id='word_1_136' title='bbox 986 1011 1108 1067; x_wconf 77' lang='grc' dir='ltr'>μηδὲν</span> <span class='ocrx_word' id='word_1_137' title='bbox 1138 1010 1298 1061; x_wconf 78' lang='grc' dir='ltr'>ἀδικεῖν,</span> <span class='ocrx_word' id='word_1_138' title='bbox 1323 1009 1522 1053; x_wconf 85' lang='grc' dir='ltr'>διδάσκων</span> <span class='ocrx_word' id='word_1_139' title='bbox 1550 1013 1607 1059; x_wconf 83' lang='grc' dir='ltr'>ὡς</span> <span class='ocrx_word' id='word_1_140' title='bbox 1635 1010 1723 1053; x_wconf 80' lang='grc' dir='ltr'>οὔτε</span> 
     </span>
     <span class='ocr_line' id='line_1_16' title="bbox 289 1066 1725 1124; baseline -0.002 -12"><span class='ocrx_word' id='word_1_141' title='bbox 289 1072 395 1124; x_wconf 84' lang='grc' dir='ltr'>πρὸς</span> <span class='ocrx_word' id='word_1_142' title='bbox 414 1071 598 1112; x_wconf 81' lang='grc' dir='ltr'>πλοῦτον</span> <span class='ocrx_word' id='word_1_143' title='bbox 619 1069 709 1112; x_wconf 77' lang='grc' dir='ltr'>οὔτε</span> <span class='ocrx_word' id='word_1_144' title='bbox 732 1071 839 1123; x_wconf 84' lang='grc' dir='ltr'>πρὸς</span> <span class='ocrx_word' id='word_1_145' title='bbox 861 1068 986 1116; x_wconf 70' lang='grc' dir='ltr'>δόξαν</span> <span class='ocrx_word' id='word_1_146' title='bbox 1008 1067 1095 1110; x_wconf 81' lang='grc' dir='ltr'>οὔθ’</span> <span class='ocrx_word' id='word_1_147' title='bbox 1119 1067 1230 1115; x_wconf 85' lang='grc' dir='ltr'>ὅλως</span> <span class='ocrx_word' id='word_1_148' title='bbox 1250 1069 1357 1122; x_wconf 77' lang='grc' dir='ltr'>πρὸς</span> <span class='ocrx_word' id='word_1_149' title='bbox 1378 1066 1632 1120; x_wconf 72' lang='grc' dir='ltr'>εὐδαιμονίαν</span> <span class='ocrx_word' id='word_1_150' title='bbox 1655 1068 1725 1109; x_wconf 81' lang='grc' dir='ltr'>οὗ·</span> 
     </span>
     <span class='ocr_line' id='line_1_17' title="bbox 288 1123 1725 1181; baseline -0.001 -13"><span class='ocrx_word' id='word_1_151' title='bbox 288 1128 360 1168; x_wconf 65' lang='grc' dir='ltr'>θεν</span> <span class='ocrx_word' id='word_1_152' title='bbox 384 1127 433 1167; x_wconf 79' lang='grc' dir='ltr'>ἂν</span> <span class='ocrx_word' id='word_1_153' title='bbox 456 1125 714 1181; x_wconf 76' lang='grc' dir='ltr'>συμβάλοιτο</span> <span class='ocrx_word' id='word_1_154' title='bbox 732 1125 971 1173; x_wconf 79' lang='grc' dir='ltr'>τηλικαύτην</span> <span class='ocrx_word' id='word_1_155' title='bbox 992 1123 1176 1177; x_wconf 85' lang='grc' dir='ltr'>δύναμιν,</span> <span class='ocrx_word' id='word_1_156' title='bbox 1199 1126 1300 1172; x_wconf 85' lang='grc' dir='ltr'>ὅσην</span> <span class='ocrx_word' id='word_1_157' title='bbox 1322 1123 1441 1178; x_wconf 78' lang='grc' dir='ltr'>ἀρετὴ</span> <span class='ocrx_word' id='word_1_158' title='bbox 1465 1127 1527 1165; x_wconf 82' lang='grc' dir='ltr'>καὶ</span> <span class='ocrx_word' id='word_1_159' title='bbox 1552 1125 1602 1165; x_wconf 79' lang='grc' dir='ltr'>τὰ</span> <span class='ocrx_word' id='word_1_160' title='bbox 1626 1127 1725 1178; x_wconf 84' lang='grc' dir='ltr'>μέρη</span> 
     </span>
     <span class='ocr_line' id='line_1_18' title="bbox 288 1179 1727 1235; baseline 0 -12"><span class='ocrx_word' id='word_1_161' title='bbox 288 1185 448 1231; x_wconf 82' lang='grc' dir='ltr'>ταύτης,</span> <span class='ocrx_word' id='word_1_162' title='bbox 471 1186 532 1223; x_wconf 82' lang='grc' dir='ltr'>καὶ</span> <span class='ocrx_word' id='word_1_163' title='bbox 554 1187 640 1229; x_wconf 88' lang='grc' dir='ltr'>τοῖς</span> <span class='ocrx_word' id='word_1_164' title='bbox 665 1183 719 1235; x_wconf 90' lang='grc' dir='ltr'>μὴ</span> <span class='ocrx_word' id='word_1_165' title='bbox 745 1182 869 1222; x_wconf 78' lang='grc' dir='ltr'>ταύτὰ</span> <span class='ocrx_word' id='word_1_166' title='bbox 888 1180 1154 1235; x_wconf 85' lang='grc' dir='ltr'>ὑπειληφόσιν</span> <span class='ocrx_word' id='word_1_167' title='bbox 1175 1182 1377 1233; x_wconf 77' lang='grc' dir='ltr'>ἐπιτιμῶν,</span> <span class='ocrx_word' id='word_1_168' title='bbox 1399 1179 1440 1221; x_wconf 78' lang='grc' dir='ltr'>οἳ</span> <span class='ocrx_word' id='word_1_169' title='bbox 1459 1181 1532 1228; x_wconf 88' lang='grc' dir='ltr'>τὴν</span> <span class='ocrx_word' id='word_1_170' title='bbox 1553 1184 1625 1234; x_wconf 78' lang='grc' dir='ltr'>μὲν</span> <span class='ocrx_word' id='word_1_171' title='bbox 1645 1180 1727 1223; x_wconf 80' lang='grc' dir='ltr'>ἀδι-</span> 
     </span>
     <span class='ocr_line' id='line_1_19' title="bbox 289 1235 1727 1293; baseline 0 -14"><span class='ocrx_word' id='word_1_172' title='bbox 289 1238 378 1280; x_wconf 87' lang='grc' dir='ltr'>κίαν</span> <span class='ocrx_word' id='word_1_173' title='bbox 398 1238 612 1293; x_wconf 71' lang='grc' dir='ltr'>κερδαλέαν</span> <span class='ocrx_word' id='word_1_174' title='bbox 632 1239 826 1292; x_wconf 83' lang='grc' dir='ltr'>ἡγοῦνται</span> <span class='ocrx_word' id='word_1_175' title='bbox 845 1240 908 1278; x_wconf 86' lang='grc' dir='ltr'>καὶ</span> <span class='ocrx_word' id='word_1_176' title='bbox 927 1238 1033 1291; x_wconf 83' lang='grc' dir='ltr'>πρὸς</span> <span class='ocrx_word' id='word_1_177' title='bbox 1052 1238 1124 1278; x_wconf 84' lang='grc' dir='ltr'>τὸν</span> <span class='ocrx_word' id='word_1_178' title='bbox 1143 1235 1244 1291; x_wconf 87' lang='grc' dir='ltr'>βίον</span> <span class='ocrx_word' id='word_1_179' title='bbox 1263 1237 1336 1277; x_wconf 85' lang='grc' dir='ltr'>τὸν</span> <span class='ocrx_word' id='word_1_180' title='bbox 1356 1236 1446 1278; x_wconf 61' lang='grc' dir='ltr'>καθ’</span> <span class='ocrx_word' id='word_1_181' title='bbox 1461 1237 1611 1291; x_wconf 82' lang='grc' dir='ltr'>ἡμέραν</span> <span class='ocrx_word' id='word_1_182' title='bbox 1629 1256 1727 1292; x_wconf 91' lang='grc' dir='ltr'>συμ-</span> 
     </span>
     <span class='ocr_line' id='line_1_20' title="bbox 292 1292 1728 1350; baseline -0.001 -13"><span class='ocrx_word' id='word_1_183' title='bbox 292 1297 508 1350; x_wconf 80' lang='grc' dir='ltr'>φέρουσαν,</span> <span class='ocrx_word' id='word_1_184' title='bbox 534 1297 608 1343; x_wconf 87' lang='grc' dir='ltr'>τὴν</span> <span class='ocrx_word' id='word_1_185' title='bbox 641 1293 680 1336; x_wconf 79' lang='grc' dir='ltr'>δὲ</span> <span class='ocrx_word' id='word_1_186' title='bbox 709 1293 965 1342; x_wconf 82' lang='grc' dir='ltr'>δικαιοσύνην</span> <span class='ocrx_word' id='word_1_187' title='bbox 994 1293 1212 1341; x_wconf 79' lang='grc' dir='ltr'>ἀλυσιτελῆ</span> <span class='ocrx_word' id='word_1_188' title='bbox 1246 1296 1310 1334; x_wconf 77' lang='grc' dir='ltr'>καὶ</span> <span class='ocrx_word' id='word_1_189' title='bbox 1338 1292 1503 1346; x_wconf 79' lang='grc' dir='ltr'>μᾶλλον</span> <span class='ocrx_word' id='word_1_190' title='bbox 1531 1295 1677 1349; x_wconf 81' lang='grc' dir='ltr'>ἑτέροις</span> <span class='ocrx_word' id='word_1_191' title='bbox 1700 1294 1728 1343; x_wconf 73' lang='grc' dir='ltr'>ἢ</span> 
     </span>
     <span class='ocr_line' id='line_1_21' title="bbox 291 1346 1730 1407; baseline 0 -14"><span class='ocrx_word' id='word_1_192' title='bbox 291 1358 378 1399; x_wconf 88' lang='grc' dir='ltr'>τοῖς</span> <span class='ocrx_word' id='word_1_193' title='bbox 398 1352 562 1407; x_wconf 69' lang='grc' dir='ltr'>ἔχουσιν</span> <span class='ocrx_word' id='word_1_194' title='bbox 586 1350 804 1406; x_wconf 84' lang='grc' dir='ltr'>ὠφέλιμον.</span> <span class='ocrx_word' id='word_1_195' title='bbox 825 1352 980 1391; x_wconf 90' lang='grc' dir='ltr'>τούτων</span> <span class='ocrx_word' id='word_1_196' title='bbox 998 1350 1079 1404; x_wconf 78' lang='grc' dir='ltr'>γὰρ</span> <span class='ocrx_word' id='word_1_197' title='bbox 1100 1350 1173 1391; x_wconf 77' lang='grc' dir='ltr'>οὐκ</span> <span class='ocrx_word' id='word_1_198' title='bbox 1195 1346 1270 1390; x_wconf 81' lang='grc' dir='ltr'>οἶδ’</span> <span class='ocrx_word' id='word_1_199' title='bbox 1294 1349 1325 1390; x_wconf 83' lang='grc' dir='ltr'>εἰ’</span> <span class='ocrx_word' id='word_1_200' title='bbox 1341 1368 1401 1397; x_wconf 88' lang='grc' dir='ltr'>τις</span> <span class='ocrx_word' id='word_1_201' title='bbox 1421 1349 1470 1391; x_wconf 77' lang='grc' dir='ltr'>ἂν</span> <span class='ocrx_word' id='word_1_202' title='bbox 1491 1349 1515 1398; x_wconf 85' lang='grc' dir='ltr'>ἢ</span> <span class='ocrx_word' id='word_1_203' title='bbox 1535 1349 1730 1405; x_wconf 86' lang='grc' dir='ltr'>βελτίους</span> 
     </span>
     <span class='ocr_line' id='line_1_22' title="bbox 293 1404 1732 1464; baseline 0.001 -15"><span class='ocrx_word' id='word_1_204' title='bbox 293 1407 317 1455; x_wconf 86' lang='grc' dir='ltr'>ἢ</span> <span class='ocrx_word' id='word_1_205' title='bbox 339 1408 633 1464; x_wconf 58' lang='grc' dir='ltr'>ἀληθεστέρους</span> <span class='ocrx_word' id='word_1_206' title='bbox 654 1410 677 1456; x_wconf 86' lang='grc' dir='ltr'>ἢ</span> <span class='ocrx_word' id='word_1_207' title='bbox 698 1407 863 1460; x_wconf 77' lang='grc' dir='ltr'>μᾶλλον</span> <span class='ocrx_word' id='word_1_208' title='bbox 891 1409 1122 1462; x_wconf 89' lang='grc' dir='ltr'>πρέποντας</span> <span class='ocrx_word' id='word_1_209' title='bbox 1148 1405 1371 1461; x_wconf 73' lang='grc' dir='ltr'>φιλοσοφίᾳ</span> <span class='ocrx_word' id='word_1_210' title='bbox 1393 1404 1553 1448; x_wconf 85' lang='grc' dir='ltr'>δύναιτο</span> <span class='ocrx_word' id='word_1_211' title='bbox 1573 1406 1732 1463; x_wconf 84' lang='grc' dir='ltr'>λόγους</span> 
     </span>
     <span class='ocr_line' id='line_1_23' title="bbox 289 1466 429 1507; baseline 0 -2"><span class='ocrx_word' id='word_1_212' title='bbox 289 1466 429 1507; x_wconf 84' lang='grc' dir='ltr'>εἰπεῖν.</span> 
     </span>
    </p>

    <p class='ocr_par' dir='ltr' id='par_1_3' title="bbox 292 1520 1739 2760">
     <span class='ocr_line' id='line_1_24' title="bbox 350 1520 1733 1577; baseline 0 -15"><span class='ocrx_word' id='word_1_213' title='bbox 350 1520 387 1562; x_wconf 82' lang='grc' dir='ltr'>ι’.</span> <span class='ocrx_word' id='word_1_214' title='bbox 420 1525 491 1570; x_wconf 90' lang='grc' dir='ltr'>Τίς</span> <span class='ocrx_word' id='word_1_215' title='bbox 513 1520 552 1564; x_wconf 78' lang='grc' dir='ltr'>δὲ</span> <span class='ocrx_word' id='word_1_216' title='bbox 573 1524 644 1564; x_wconf 83' lang='grc' dir='ltr'>τὸν</span> <span class='ocrx_word' id='word_1_217' title='bbox 669 1523 1000 1577; x_wconf 82' lang='grc' dir='ltr'>Ἀρεοπαγιτικὸν</span> <span class='ocrx_word' id='word_1_218' title='bbox 1021 1521 1229 1576; x_wconf 78' lang='grc' dir='ltr'>ἀναγνοὺς</span> <span class='ocrx_word' id='word_1_219' title='bbox 1248 1520 1381 1575; x_wconf 87' lang='grc' dir='ltr'>λόγον</span> <span class='ocrx_word' id='word_1_220' title='bbox 1402 1521 1475 1562; x_wconf 77' lang='grc' dir='ltr'>οὐκ</span> <span class='ocrx_word' id='word_1_221' title='bbox 1497 1520 1547 1562; x_wconf 77' lang='grc' dir='ltr'>ἂν</span> <span class='ocrx_word' id='word_1_222' title='bbox 1574 1522 1733 1576; x_wconf 88' lang='grc' dir='ltr'>γένοιτο</span> 
     </span>
     <span class='ocr_line' id='line_1_25' title="bbox 295 1576 1734 1634; baseline -0.001 -15"><span class='ocrx_word' id='word_1_223' title='bbox 295 1580 584 1634; x_wconf 70' lang='grc' dir='ltr'>κοσμιώτερος-ς</span> <span class='ocrx_word' id='word_1_224' title='bbox 607 1580 630 1627; x_wconf 83' lang='grc' dir='ltr'>ἢ</span> <span class='ocrx_word' id='word_1_225' title='bbox 651 1583 713 1627; x_wconf 88' lang='grc' dir='ltr'>τίς</span> <span class='ocrx_word' id='word_1_226' title='bbox 734 1581 807 1621; x_wconf 83' lang='grc' dir='ltr'>οὐκ</span> <span class='ocrx_word' id='word_1_227' title='bbox 828 1580 878 1621; x_wconf 78' lang='grc' dir='ltr'>ἂν</span> <span class='ocrx_word' id='word_1_228' title='bbox 898 1578 1106 1633; x_wconf 83' lang='grc' dir='ltr'>θαυμάσειε</span> <span class='ocrx_word' id='word_1_229' title='bbox 1130 1582 1204 1627; x_wconf 92' lang='grc' dir='ltr'>τὴν</span> <span class='ocrx_word' id='word_1_230' title='bbox 1225 1576 1429 1633; x_wconf 76' lang='grc' dir='ltr'>ἐπιβολὴν</span> <span class='ocrx_word' id='word_1_231' title='bbox 1449 1581 1521 1619; x_wconf 85' lang='grc' dir='ltr'>τοῦ</span> <span class='ocrx_word' id='word_1_232' title='bbox 1542 1576 1734 1632; x_wconf 84' lang='grc' dir='ltr'>ῥήτορος,</span> 
     </span>
     <span class='ocr_line' id='line_1_26' title="bbox 295 1632 1735 1692; baseline -0.001 -16"><span class='ocrx_word' id='word_1_233' title='bbox 295 1634 344 1682; x_wconf 79' lang='grc' dir='ltr'>ὃς</span> <span class='ocrx_word' id='word_1_234' title='bbox 362 1636 553 1689; x_wconf 80' lang='grc' dir='ltr'>ἐτόλμησε</span> <span class='ocrx_word' id='word_1_235' title='bbox 576 1633 838 1691; x_wconf 59' lang='grc' dir='ltr'>διαλεχθῆναι</span> <span class='ocrx_word' id='word_1_236' title='bbox 861 1640 953 1692; x_wconf 83' lang='grc' dir='ltr'>περὶ</span> <span class='ocrx_word' id='word_1_237' title='bbox 973 1634 1180 1682; x_wconf 87' lang='grc' dir='ltr'>πολιτείας</span> <span class='ocrx_word' id='word_1_238' title='bbox 1198 1635 1452 1683; x_wconf 64' lang='grc' dir='ltr'>Ἀθηναίοις,</span> <span class='ocrx_word' id='word_1_239' title='bbox 1474 1632 1601 1681; x_wconf 73' lang='grc' dir='ltr'>ἀξιῶν</span> <span class='ocrx_word' id='word_1_240' title='bbox 1620 1651 1735 1682; x_wconf 89' lang='grc' dir='ltr'>μετα-</span> 
     </span>
     <span class='ocr_line' id='line_1_27' title="bbox 297 1689 1739 1746; baseline -0.001 -14"><span class='ocrx_word' id='word_1_241' title='bbox 297 1689 434 1732; x_wconf 62' lang='grc' dir='ltr'>θέσθαι</span> <span class='ocrx_word' id='word_1_242' title='bbox 449 1696 521 1744; x_wconf 77' lang='grc' dir='ltr'>μὲν</span> <span class='ocrx_word' id='word_1_243' title='bbox 537 1693 610 1739; x_wconf 87' lang='grc' dir='ltr'>τὴν</span> <span class='ocrx_word' id='word_1_244' title='bbox 622 1694 709 1732; x_wconf 85' lang='grc' dir='ltr'>τότε</span> <span class='ocrx_word' id='word_1_245' title='bbox 727 1695 988 1733; x_wconf 60' lang='grc' dir='ltr'>καθεστῶσαν</span> <span class='ocrx_word' id='word_1_246' title='bbox 1002 1691 1270 1746; x_wconf 72' lang='grc' dir='ltr'>δημοκρατίαν</span> <span class='ocrx_word' id='word_1_247' title='bbox 1287 1692 1342 1737; x_wconf 85' lang='grc' dir='ltr'>ὡς</span> <span class='ocrx_word' id='word_1_248' title='bbox 1353 1689 1511 1744; x_wconf 79' lang='grc' dir='ltr'>μεγάλα</span> <span class='ocrx_word' id='word_1_249' title='bbox 1523 1689 1739 1745; x_wconf 82' lang='grc' dir='ltr'>βλάπτου-</span> 
     </span>
     <span class='ocr_line' id='line_1_28' title="bbox 295 1745 1736 1801; baseline 0.001 -15"><span class='ocrx_word' id='word_1_250' title='bbox 295 1765 372 1787; x_wconf 89' lang='grc' dir='ltr'>σαν</span> <span class='ocrx_word' id='word_1_251' title='bbox 391 1750 464 1795; x_wconf 87' lang='grc' dir='ltr'>τὴν</span> <span class='ocrx_word' id='word_1_252' title='bbox 485 1747 627 1798; x_wconf 87' lang='grc' dir='ltr'>πόλιν,</span> <span class='ocrx_word' id='word_1_253' title='bbox 643 1749 741 1801; x_wconf 75' lang='grc' dir='ltr'>ὑπὲρ</span> <span class='ocrx_word' id='word_1_254' title='bbox 766 1752 813 1795; x_wconf 81' lang='grc' dir='ltr'>ἧς</span> <span class='ocrx_word' id='word_1_255' title='bbox 834 1751 916 1788; x_wconf 88' lang='grc' dir='ltr'>τῶν</span> <span class='ocrx_word' id='word_1_256' title='bbox 941 1746 1198 1800; x_wconf 83' lang='grc' dir='ltr'>δημαγωγῶν</span> <span class='ocrx_word' id='word_1_257' title='bbox 1221 1745 1355 1793; x_wconf 78' lang='grc' dir='ltr'>οὐδεὶς</span> <span class='ocrx_word' id='word_1_258' title='bbox 1374 1749 1566 1801; x_wconf 79' lang='grc' dir='ltr'>ἐπεχείρει</span> <span class='ocrx_word' id='word_1_259' title='bbox 1586 1746 1736 1800; x_wconf 84' lang='grc' dir='ltr'>λέγειν,</span> 
     </span>
     <span class='ocr_line' id='line_1_29' title="bbox 295 1799 1736 1857; baseline 0.001 -15"><span class='ocrx_word' id='word_1_260' title='bbox 295 1800 458 1857; x_wconf 85' lang='grc' dir='ltr'>θεωρῶν</span> <span class='ocrx_word' id='word_1_261' title='bbox 482 1806 538 1850; x_wconf 83' lang='grc' dir='ltr'>εἷς</span> <span class='ocrx_word' id='word_1_262' title='bbox 564 1805 765 1850; x_wconf 77' lang='grc' dir='ltr'>τοσαύτην</span> <span class='ocrx_word' id='word_1_263' title='bbox 793 1803 919 1850; x_wconf 79' lang='grc' dir='ltr'>αὐτὴν</span> <span class='ocrx_word' id='word_1_264' title='bbox 945 1800 1275 1856; x_wconf 83' lang='grc' dir='ltr'>προεληλυθυῖαν</span> <span class='ocrx_word' id='word_1_265' title='bbox 1300 1801 1498 1854; x_wconf 78' lang='grc' dir='ltr'>ἀκοσμίαν</span> <span class='ocrx_word' id='word_1_266' title='bbox 1525 1803 1621 1850; x_wconf 82' lang='grc' dir='ltr'>ὥςτε</span> <span class='ocrx_word' id='word_1_267' title='bbox 1641 1799 1736 1855; x_wconf 74' lang='grc' dir='ltr'>μηδὲ</span> 
     </span>
     <span class='ocr_line' id='line_1_30' title="bbox 292 1856 1739 1913; baseline 0.001 -15"><span class='ocrx_word' id='word_1_268' title='bbox 292 1860 387 1905; x_wconf 85' lang='grc' dir='ltr'>τοὺς</span> <span class='ocrx_word' id='word_1_269' title='bbox 404 1859 611 1913; x_wconf 73' lang='grc' dir='ltr'>ἄρχοντας</span> <span class='ocrx_word' id='word_1_270' title='bbox 639 1858 694 1899; x_wconf 75' lang='grc' dir='ltr'>έτι</span> <span class='ocrx_word' id='word_1_271' title='bbox 721 1861 803 1899; x_wconf 91' lang='grc' dir='ltr'>τῶν</span> <span class='ocrx_word' id='word_1_272' title='bbox 833 1857 1002 1899; x_wconf 77' lang='grc' dir='ltr'>ἰδιωτῶν</span> <span class='ocrx_word' id='word_1_273' title='bbox 1026 1863 1196 1912; x_wconf 85' lang='grc' dir='ltr'>κρατεῖν,</span> <span class='ocrx_word' id='word_1_274' title='bbox 1227 1856 1324 1898; x_wconf 76' lang='grc' dir='ltr'>ἀλλ’</span> <span class='ocrx_word' id='word_1_275' title='bbox 1345 1859 1511 1899; x_wconf 74' lang='grc' dir='ltr'>ἕκαστον</span> <span class='ocrx_word' id='word_1_276' title='bbox 1538 1860 1561 1900; x_wconf 82' lang='grc' dir='ltr'>ὅ</span> <span class='ocrx_word' id='word_1_277' title='bbox 1587 1877 1623 1899; x_wconf 91' lang='grc' dir='ltr'>τι</span> <span class='ocrx_word' id='word_1_278' title='bbox 1650 1857 1739 1899; x_wconf 61' lang='grc' dir='ltr'>καθ’</span> 
     </span>
     <span class='ocr_line' id='line_1_31' title="bbox 293 1913 1738 1970; baseline 0 -14"><span class='ocrx_word' id='word_1_279' title='bbox 293 1913 447 1963; x_wconf 86' lang='grc' dir='ltr'>ἡδονὴν</span> <span class='ocrx_word' id='word_1_280' title='bbox 467 1916 574 1968; x_wconf 71' lang='grc' dir='ltr'>αὐτῷ</span> <span class='ocrx_word' id='word_1_281' title='bbox 594 1913 751 1968; x_wconf 79' lang='grc' dir='ltr'>γίνοιτο</span> <span class='ocrx_word' id='word_1_282' title='bbox 776 1918 838 1956; x_wconf 82' lang='grc' dir='ltr'>καὶ</span> <span class='ocrx_word' id='word_1_283' title='bbox 865 1918 1061 1955; x_wconf 84' lang='grc' dir='ltr'>ποιοῦντα</span> <span class='ocrx_word' id='word_1_284' title='bbox 1087 1918 1149 1955; x_wconf 86' lang='grc' dir='ltr'>καὶ</span> <span class='ocrx_word' id='word_1_285' title='bbox 1177 1913 1352 1968; x_wconf 88' lang='grc' dir='ltr'>λέγοντα</span> <span class='ocrx_word' id='word_1_286' title='bbox 1380 1918 1444 1955; x_wconf 83' lang='grc' dir='ltr'>καὶ</span> <span class='ocrx_word' id='word_1_287' title='bbox 1471 1915 1545 1962; x_wconf 88' lang='grc' dir='ltr'>τὴν</span> <span class='ocrx_word' id='word_1_288' title='bbox 1572 1914 1738 1970; x_wconf 74' lang='grc' dir='ltr'>ἄκαιρον</span> 
     </span>
     <span class='ocr_line' id='line_1_32' title="bbox 292 1969 1739 2025; baseline 0.001 -14"><span class='ocrx_word' id='word_1_289' title='bbox 292 1969 525 2025; x_wconf 84' lang='grc' dir='ltr'>παῤῥησίαν</span> <span class='ocrx_word' id='word_1_290' title='bbox 547 1970 759 2024; x_wconf 86' lang='grc' dir='ltr'>δημοτικὴν</span> <span class='ocrx_word' id='word_1_291' title='bbox 781 1969 968 2017; x_wconf 71' lang='grc' dir='ltr'>ἐξουσίαν</span> <span class='ocrx_word' id='word_1_292' title='bbox 992 1971 1071 2012; x_wconf 81' lang='grc' dir='ltr'>ὑπὸ</span> <span class='ocrx_word' id='word_1_293' title='bbox 1090 1971 1257 2012; x_wconf 79' lang='grc' dir='ltr'>πάντων</span> <span class='ocrx_word' id='word_1_294' title='bbox 1278 1969 1559 2023; x_wconf 74' lang='grc' dir='ltr'>νομιζομένην·</span> <span class='ocrx_word' id='word_1_295' title='bbox 1583 1970 1739 2013; x_wconf 76' lang='grc' dir='ltr'>ἀνασώ-</span> 
     </span>
     <span class='ocr_line' id='line_1_33' title="bbox 295 2025 1737 2075; baseline 0.001 -7"><span class='ocrx_word' id='word_1_296' title='bbox 295 2029 443 2068; x_wconf 59' lang='grc' dir='ltr'>σασθαι</span> <span class='ocrx_word' id='word_1_297' title='bbox 468 2025 507 2068; x_wconf 78' lang='grc' dir='ltr'>δὲ</span> <span class='ocrx_word' id='word_1_298' title='bbox 528 2028 602 2075; x_wconf 89' lang='grc' dir='ltr'>τὴν</span> <span class='ocrx_word' id='word_1_299' title='bbox 626 2027 705 2069; x_wconf 74' lang='grc' dir='ltr'>ὑπὸ</span> <span class='ocrx_word' id='word_1_300' title='bbox 731 2027 931 2075; x_wconf 85' lang='grc' dir='ltr'>Σόλωνός</span> <span class='ocrx_word' id='word_1_301' title='bbox 954 2045 994 2067; x_wconf 89' lang='grc' dir='ltr'>τε</span> <span class='ocrx_word' id='word_1_302' title='bbox 1023 2030 1085 2068; x_wconf 83' lang='grc' dir='ltr'>καὶ</span> <span class='ocrx_word' id='word_1_303' title='bbox 1113 2026 1392 2074; x_wconf 60' lang='grc' dir='ltr'>Κλεισθένους</span> <span class='ocrx_word' id='word_1_304' title='bbox 1419 2030 1737 2070; x_wconf 60' lang='grc' dir='ltr'>κατασταθεῖσαν</span> 
     </span>
     <span class='ocr_line' id='line_1_34' title="bbox 294 2081 1737 2139; baseline 0.001 -15"><span class='ocrx_word' id='word_1_305' title='bbox 294 2083 515 2125; x_wconf 86' lang='grc' dir='ltr'>πολιτείαν.</span> <span class='ocrx_word' id='word_1_306' title='bbox 537 2085 584 2130; x_wconf 81' lang='grc' dir='ltr'>ἧς</span> <span class='ocrx_word' id='word_1_307' title='bbox 604 2084 677 2131; x_wconf 90' lang='grc' dir='ltr'>τὴν</span> <span class='ocrx_word' id='word_1_308' title='bbox 698 2087 932 2138; x_wconf 88' lang='grc' dir='ltr'>προαίρεσιν</span> <span class='ocrx_word' id='word_1_309' title='bbox 956 2087 1018 2124; x_wconf 86' lang='grc' dir='ltr'>καὶ</span> <span class='ocrx_word' id='word_1_310' title='bbox 1046 2083 1095 2124; x_wconf 80' lang='grc' dir='ltr'>τὰ</span> <span class='ocrx_word' id='word_1_311' title='bbox 1115 2084 1197 2132; x_wconf 54' lang='grc' dir='ltr'>ἤδη</span> <span class='ocrx_word' id='word_1_312' title='bbox 1219 2081 1392 2131; x_wconf 73' lang='grc' dir='ltr'>διεξιὼν,</span> <span class='ocrx_word' id='word_1_313' title='bbox 1415 2081 1639 2139; x_wconf 84' lang='grc' dir='ltr'>δεινότερον</span> <span class='ocrx_word' id='word_1_314' title='bbox 1665 2088 1737 2138; x_wconf 75' lang='grc' dir='ltr'>μὲν</span> 
     </span>
     <span class='ocr_line' id='line_1_35' title="bbox 296 2138 1738 2195; baseline 0.001 -15"><span class='ocrx_word' id='word_1_315' title='bbox 296 2140 482 2192; x_wconf 55' lang='grc' dir='ltr'>ἡγεῖσθαι</span> <span class='ocrx_word' id='word_1_316' title='bbox 505 2143 600 2194; x_wconf 86' lang='grc' dir='ltr'>φησὶ</span> <span class='ocrx_word' id='word_1_317' title='bbox 623 2142 720 2188; x_wconf 89' lang='grc' dir='ltr'>τοὺς</span> <span class='ocrx_word' id='word_1_318' title='bbox 739 2140 819 2181; x_wconf 83' lang='grc' dir='ltr'>τότ’</span> <span class='ocrx_word' id='word_1_319' title='bbox 843 2140 1090 2194; x_wconf 63' lang='grc' dir='ltr'>ἀνθρώπους</span> <span class='ocrx_word' id='word_1_320' title='bbox 1108 2141 1155 2182; x_wconf 84' lang='grc' dir='ltr'>τὸ</span> <span class='ocrx_word' id='word_1_321' title='bbox 1182 2147 1270 2187; x_wconf 87' lang='grc' dir='ltr'>τοῖς</span> <span class='ocrx_word' id='word_1_322' title='bbox 1295 2138 1590 2195; x_wconf 77' lang='grc' dir='ltr'>πρεσβυτέροις</span> <span class='ocrx_word' id='word_1_323' title='bbox 1611 2140 1738 2183; x_wconf 77' lang='grc' dir='ltr'>ἀντει-</span> 
     </span>
     <span class='ocr_line' id='line_1_36' title="bbox 296 2193 1738 2252; baseline 0.002 -16"><span class='ocrx_word' id='word_1_324' title='bbox 296 2201 385 2236; x_wconf 85' lang='grc' dir='ltr'>πεῖν</span> <span class='ocrx_word' id='word_1_325' title='bbox 412 2195 436 2243; x_wconf 81' lang='grc' dir='ltr'>ἢ</span> <span class='ocrx_word' id='word_1_326' title='bbox 464 2197 537 2243; x_wconf 89' lang='grc' dir='ltr'>τὴν</span> <span class='ocrx_word' id='word_1_327' title='bbox 563 2193 677 2242; x_wconf 69' lang='grc' dir='ltr'>τάξιν</span> <span class='ocrx_word' id='word_1_328' title='bbox 705 2196 829 2239; x_wconf 87' lang='grc' dir='ltr'>λύειν·</span> <span class='ocrx_word' id='word_1_329' title='bbox 855 2195 1125 2252; x_wconf 85' lang='grc' dir='ltr'>δημοκρατίαν</span> <span class='ocrx_word' id='word_1_330' title='bbox 1153 2194 1185 2238; x_wconf 86' lang='grc' dir='ltr'>δ’</span> <span class='ocrx_word' id='word_1_331' title='bbox 1207 2198 1356 2244; x_wconf 84' lang='grc' dir='ltr'>αὐτοὺς</span> <span class='ocrx_word' id='word_1_332' title='bbox 1383 2196 1561 2250; x_wconf 71' lang='grc' dir='ltr'>νομίζειν</span> <span class='ocrx_word' id='word_1_333' title='bbox 1588 2197 1636 2238; x_wconf 81' lang='grc' dir='ltr'>οὐ</span> <span class='ocrx_word' id='word_1_334' title='bbox 1663 2199 1738 2246; x_wconf 86' lang='grc' dir='ltr'>τὴν</span> 
     </span>
     <span class='ocr_line' id='line_1_37' title="bbox 298 2250 1738 2309; baseline 0.003 -18"><span class='ocrx_word' id='word_1_335' title='bbox 298 2250 537 2301; x_wconf 76' lang='grc' dir='ltr'>ἀκολασίαν,</span> <span class='ocrx_word' id='word_1_336' title='bbox 575 2251 685 2294; x_wconf 80' lang='grc' dir='ltr'>ἀλλὰ</span> <span class='ocrx_word' id='word_1_337' title='bbox 715 2255 789 2302; x_wconf 87' lang='grc' dir='ltr'>τὴν</span> <span class='ocrx_word' id='word_1_338' title='bbox 816 2255 1102 2309; x_wconf 79' lang='grc' dir='ltr'>σωφροσύνην·</span> <span class='ocrx_word' id='word_1_339' title='bbox 1135 2254 1182 2295; x_wconf 82' lang='grc' dir='ltr'>τὸ</span> <span class='ocrx_word' id='word_1_340' title='bbox 1211 2251 1243 2294; x_wconf 86' lang='grc' dir='ltr'>δ’</span> <span class='ocrx_word' id='word_1_341' title='bbox 1271 2252 1487 2307; x_wconf 66' lang='grc' dir='ltr'>ἐλεύθερον</span> <span class='ocrx_word' id='word_1_342' title='bbox 1515 2254 1588 2294; x_wconf 87' lang='grc' dir='ltr'>οὐκ</span> <span class='ocrx_word' id='word_1_343' title='bbox 1614 2255 1656 2295; x_wconf 76' lang='grc' dir='ltr'>ἐν</span> <span class='ocrx_word' id='word_1_344' title='bbox 1682 2257 1738 2309; x_wconf 69' lang='grc' dir='ltr'>τῷ</span> 
     </span>
     <span class='ocr_line' id='line_1_38' title="bbox 295 2308 1738 2365; baseline 0.003 -18"><span class='ocrx_word' id='word_1_345' title='bbox 295 2314 560 2362; x_wconf 86' lang='grc' dir='ltr'>καταφρονεῖν</span> <span class='ocrx_word' id='word_1_346' title='bbox 595 2311 678 2350; x_wconf 76' lang='grc' dir='ltr'>τῶν</span> <span class='ocrx_word' id='word_1_347' title='bbox 710 2309 942 2365; x_wconf 81' lang='grc' dir='ltr'>ἀρχόντων,</span> <span class='ocrx_word' id='word_1_348' title='bbox 975 2308 1145 2352; x_wconf 40' lang='grc' dir='ltr'>ἀλλ”ἐν</span> <span class='ocrx_word' id='word_1_349' title='bbox 1172 2312 1228 2364; x_wconf 68' lang='grc' dir='ltr'>τῷ</span> <span class='ocrx_word' id='word_1_350' title='bbox 1256 2310 1305 2351; x_wconf 84' lang='grc' dir='ltr'>τὰ</span> <span class='ocrx_word' id='word_1_351' title='bbox 1337 2308 1575 2364; x_wconf 88' lang='grc' dir='ltr'>κελευόμενα</span> <span class='ocrx_word' id='word_1_352' title='bbox 1605 2318 1738 2352; x_wconf 87' lang='grc' dir='ltr'>ποιεῖν</span> 
     </span>
     <span class='ocr_line' id='line_1_39' title="bbox 296 2363 1737 2422; baseline 0.003 -18"><span class='ocrx_word' id='word_1_353' title='bbox 296 2366 495 2412; x_wconf 61' lang='grc' dir='ltr'>τίθεσθαι,</span> <span class='ocrx_word' id='word_1_354' title='bbox 530 2363 715 2411; x_wconf 72' lang='grc' dir='ltr'>ἐξουσίαν</span> <span class='ocrx_word' id='word_1_355' title='bbox 748 2368 781 2407; x_wconf 85' lang='grc' dir='ltr'>τ’</span> <span class='ocrx_word' id='word_1_356' title='bbox 809 2365 946 2409; x_wconf 81' lang='grc' dir='ltr'>οὐθενὶ</span> <span class='ocrx_word' id='word_1_357' title='bbox 973 2369 1055 2409; x_wconf 87' lang='grc' dir='ltr'>τῶν</span> <span class='ocrx_word' id='word_1_358' title='bbox 1091 2365 1330 2408; x_wconf 75' lang='grc' dir='ltr'>ἀκολάστων</span> <span class='ocrx_word' id='word_1_359' title='bbox 1361 2368 1594 2422; x_wconf 79' lang='grc' dir='ltr'>ἐπιτρέπειν,</span> <span class='ocrx_word' id='word_1_360' title='bbox 1626 2365 1737 2408; x_wconf 77' lang='grc' dir='ltr'>ἀλλὰ</span> 
     </span>
     <span class='ocr_line' id='line_1_40' title="bbox 297 2419 1738 2479; baseline 0.003 -19"><span class='ocrx_word' id='word_1_361' title='bbox 297 2426 384 2468; x_wconf 85' lang='grc' dir='ltr'>τοῖς</span> <span class='ocrx_word' id='word_1_362' title='bbox 412 2419 647 2474; x_wconf 75' lang='grc' dir='ltr'>βελτίστοις</span> <span class='ocrx_word' id='word_1_363' title='bbox 675 2421 901 2465; x_wconf 77' lang='grc' dir='ltr'>ἀνατιθέναι</span> <span class='ocrx_word' id='word_1_364' title='bbox 926 2423 1001 2471; x_wconf 81' lang='grc' dir='ltr'>τὰς</span> <span class='ocrx_word' id='word_1_365' title='bbox 1033 2423 1182 2479; x_wconf 80' lang='grc' dir='ltr'>ἀρχὰς,</span> <span class='ocrx_word' id='word_1_366' title='bbox 1206 2425 1417 2471; x_wconf 88' lang='grc' dir='ltr'>τοιούτους</span> <span class='ocrx_word' id='word_1_367' title='bbox 1449 2423 1611 2465; x_wconf 61' lang='grc' dir='ltr'>ἔσεσθαι</span> <span class='ocrx_word' id='word_1_368' title='bbox 1640 2425 1738 2472; x_wconf 83' lang='grc' dir='ltr'>τοὺς</span> 
     </span>
     <span class='ocr_line' id='line_1_41' title="bbox 298 2475 1739 2535; baseline 0.003 -18"><span class='ocrx_word' id='word_1_369' title='bbox 298 2475 457 2524; x_wconf 77' lang='grc' dir='ltr'>ἄλλους</span> <span class='ocrx_word' id='word_1_370' title='bbox 478 2477 842 2530; x_wconf 69' lang='grc' dir='ltr'>ὑπολαμέῗάνοντας</span> <span class='ocrx_word' id='word_1_371' title='bbox 862 2482 1016 2535; x_wconf 80' lang='grc' dir='ltr'>οἷοίπερ</span> <span class='ocrx_word' id='word_1_372' title='bbox 1039 2480 1088 2522; x_wconf 83' lang='grc' dir='ltr'>ἂν</span> <span class='ocrx_word' id='word_1_373' title='bbox 1117 2480 1215 2521; x_wconf 82' lang='grc' dir='ltr'>ὦσιν</span> <span class='ocrx_word' id='word_1_374' title='bbox 1241 2481 1278 2521; x_wconf 85' lang='grc' dir='ltr'>οἱ</span> <span class='ocrx_word' id='word_1_375' title='bbox 1300 2481 1374 2528; x_wconf 89' lang='grc' dir='ltr'>τὴν</span> <span class='ocrx_word' id='word_1_376' title='bbox 1400 2479 1526 2522; x_wconf 89' lang='grc' dir='ltr'>πόλιν</span> <span class='ocrx_word' id='word_1_377' title='bbox 1547 2478 1739 2522; x_wconf 82' lang='grc' dir='ltr'>διοικοῦν-</span> 
     </span>
     <span class='ocr_line' id='line_1_42' title="bbox 297 2532 1735 2589; baseline 0.003 -16"><span class='ocrx_word' id='word_1_378' title='bbox 297 2547 375 2580; x_wconf 81' lang='grc' dir='ltr'>τες·</span> <span class='ocrx_word' id='word_1_379' title='bbox 397 2533 486 2575; x_wconf 79' lang='grc' dir='ltr'>ἀντὶ</span> <span class='ocrx_word' id='word_1_380' title='bbox 515 2532 553 2575; x_wconf 83' lang='grc' dir='ltr'>δὲ</span> <span class='ocrx_word' id='word_1_381' title='bbox 581 2539 652 2576; x_wconf 81' lang='grc' dir='ltr'>τοῦ</span> <span class='ocrx_word' id='word_1_382' title='bbox 678 2536 752 2582; x_wconf 83' lang='grc' dir='ltr'>τὰς</span> <span class='ocrx_word' id='word_1_383' title='bbox 775 2534 877 2585; x_wconf 81' lang='grc' dir='ltr'>ἰδίας</span> <span class='ocrx_word' id='word_1_384' title='bbox 905 2538 1047 2584; x_wconf 81' lang='grc' dir='ltr'>οὐσίας</span> <span class='ocrx_word' id='word_1_385' title='bbox 1076 2539 1114 2577; x_wconf 79' lang='grc' dir='ltr'>ἐκ</span> <span class='ocrx_word' id='word_1_386' title='bbox 1133 2539 1216 2578; x_wconf 93' lang='grc' dir='ltr'>τῶν</span> <span class='ocrx_word' id='word_1_387' title='bbox 1238 2534 1443 2589; x_wconf 88' lang='grc' dir='ltr'>δημοσίων</span> <span class='ocrx_word' id='word_1_388' title='bbox 1464 2538 1735 2588; x_wconf 58' lang='grc' dir='ltr'>ἐπανορθοῦν,</span> 
     </span>
     <span class='ocr_line' id='line_1_43' title="bbox 296 2587 1737 2648; baseline 0.003 -18"><span class='ocrx_word' id='word_1_389' title='bbox 296 2591 392 2636; x_wconf 86' lang='grc' dir='ltr'>τοὺς</span> <span class='ocrx_word' id='word_1_390' title='bbox 418 2587 546 2638; x_wconf 82' lang='grc' dir='ltr'>ἰδίους</span> <span class='ocrx_word' id='word_1_391' title='bbox 569 2590 777 2639; x_wconf 85' lang='grc' dir='ltr'>πλούτους</span> <span class='ocrx_word' id='word_1_392' title='bbox 804 2595 859 2641; x_wconf 88' lang='grc' dir='ltr'>εἰς</span> <span class='ocrx_word' id='word_1_393' title='bbox 884 2594 932 2634; x_wconf 79' lang='grc' dir='ltr'>τὰ</span> <span class='ocrx_word' id='word_1_394' title='bbox 961 2592 1073 2636; x_wconf 77' lang='grc' dir='ltr'>κοινοὶ</span> <span class='ocrx_word' id='word_1_395' title='bbox 1100 2599 1409 2648; x_wconf 85' lang='grc' dir='ltr'>καταχορηγεῖν·</span> <span class='ocrx_word' id='word_1_396' title='bbox 1433 2597 1564 2648; x_wconf 80' lang='grc' dir='ltr'>χωρὶς</span> <span class='ocrx_word' id='word_1_397' title='bbox 1585 2590 1625 2635; x_wconf 87' lang='grc' dir='ltr'>δε</span> <span class='ocrx_word' id='word_1_398' title='bbox 1645 2595 1737 2635; x_wconf 90' lang='grc' dir='ltr'>τού·</span> 
     </span>
     <span class='ocr_line' id='line_1_44' title="bbox 296 2645 1736 2703; baseline 0.005 -18"><span class='ocrx_word' id='word_1_399' title='bbox 296 2663 378 2686; x_wconf 90' lang='grc' dir='ltr'>των</span> <span class='ocrx_word' id='word_1_400' title='bbox 406 2645 531 2688; x_wconf 85' lang='grc' dir='ltr'>πλείω</span> <span class='ocrx_word' id='word_1_401' title='bbox 557 2650 630 2696; x_wconf 89' lang='grc' dir='ltr'>τὴν</span> <span class='ocrx_word' id='word_1_402' title='bbox 658 2648 879 2702; x_wconf 80' lang='grc' dir='ltr'>ἐπιμέλειαν</span> <span class='ocrx_word' id='word_1_403' title='bbox 898 2653 1099 2692; x_wconf 62' lang='grc' dir='ltr'>ποιεῖσθαι</span> <span class='ocrx_word' id='word_1_404' title='bbox 1118 2652 1214 2698; x_wconf 84' lang='grc' dir='ltr'>τοὺς</span> <span class='ocrx_word' id='word_1_405' title='bbox 1234 2652 1409 2703; x_wconf 90' lang='grc' dir='ltr'>πατέρας</span> <span class='ocrx_word' id='word_1_406' title='bbox 1428 2652 1512 2691; x_wconf 89' lang='grc' dir='ltr'>τῶν</span> <span class='ocrx_word' id='word_1_407' title='bbox 1539 2651 1639 2691; x_wconf 82' lang='grc' dir='ltr'>υἱῶν</span> <span class='ocrx_word' id='word_1_408' title='bbox 1664 2649 1736 2692; x_wconf 85' lang='grc' dir='ltr'>ἆν-</span> 
     </span>
     <span class='ocr_line' id='line_1_45' title="bbox 297 2699 1735 2760; baseline 0.003 -17"><span class='ocrx_word' id='word_1_409' title='bbox 297 2699 407 2757; x_wconf 85' lang='grc' dir='ltr'>δρῶν</span> <span class='ocrx_word' id='word_1_410' title='bbox 428 2705 659 2757; x_wconf 75' lang='grc' dir='ltr'>’γενομένων</span> <span class='ocrx_word' id='word_1_411' title='bbox 686 2704 710 2752; x_wconf 84' lang='grc' dir='ltr'>ἢ</span> <span class='ocrx_word' id='word_1_412' title='bbox 733 2703 890 2748; x_wconf 87' lang='grc' dir='ltr'>παίδων</span> <span class='ocrx_word' id='word_1_413' title='bbox 917 2708 1049 2750; x_wconf 82' lang='grc' dir='ltr'>ὄντων</span> <span class='ocrx_word' id='word_1_414' title='bbox 1077 2709 1302 2754; x_wconf 80' lang='grc' dir='ltr'>ἐποιοῦντο,</span> <span class='ocrx_word' id='word_1_415' title='bbox 1326 2708 1651 2760; x_wconf 69' lang='grc' dir='ltr'>ἐνθυμουμένους</span> <span class='ocrx_word' id='word_1_416' title='bbox 1678 2707 1735 2755; x_wconf 84' lang='grc' dir='ltr'>ὡς</span> 
     </span>
    </p>
   </div>
   <div class='ocr_carea' id='block_1_3' title="bbox 297 2804 1736 2928">
    <p class='ocr_par' dir='ltr' id='par_1_4' title="bbox 297 2804 1736 2928">
     <span class='ocr_line' id='line_1_46' title="bbox 299 2804 1736 2857; baseline 0.004 -22"><span class='ocrx_word' id='word_1_417' title='bbox 299 2847 308 2856; x_wconf 44' lang='grc'><strong><em>,</em></strong></span> <span class='ocrx_word' id='word_1_418' title='bbox 338 2804 504 2857; x_wconf 53' lang='grc' dir='ltr'>Ἐφιζολῆν]</span> <span class='ocrx_word' id='word_1_419' title='bbox 529 2809 556 2838; x_wconf 93' lang='lat'>1.</span> <span class='ocrx_word' id='word_1_420' title='bbox 573 2819 600 2838; x_wconf 90' lang='lat' dir='ltr'>e.</span> <span class='ocrx_word' id='word_1_421' title='bbox 615 2808 712 2847; x_wconf 87' lang='lat' dir='ltr'>inquit</span> <span class='ocrx_word' id='word_1_422' title='bbox 728 2808 876 2845; x_wconf 54' lang='lat' dir='ltr'>5Volfius,</span> <span class='ocrx_word' id='word_1_423' title='bbox 892 2810 997 2848; x_wconf 75' lang='grc' dir='ltr'>ἔννοιαν,</span> <span class='ocrx_word' id='word_1_424' title='bbox 1074 2811 1338 2852; x_wconf 67' lang='grc' dir='ltr'>Καταχοςηγῆτειν]</span> <span class='ocrx_word' id='word_1_425' title='bbox 1350 2813 1590 2852; x_wconf 73' lang='grc' dir='ltr'>Καταχορηγῆσω</span> <span class='ocrx_word' id='word_1_426' title='bbox 1604 2812 1736 2851; x_wconf 82' lang='lat' dir='ltr'><strong>corrige-</strong></span> 
     </span>
     <span class='ocr_line' id='line_1_47' title="bbox 297 2852 1736 2895; baseline 0.006 -19"><span class='ocrx_word' id='word_1_427' title='bbox 297 2858 463 2895; x_wconf 61' lang='grc' dir='ltr'>εχχειςησιν,</span> <span class='ocrx_word' id='word_1_428' title='bbox 484 2852 695 2889; x_wconf 77' lang='lat' dir='ltr'><strong><em>cogitationem,</em></strong></span> <span class='ocrx_word' id='word_1_429' title='bbox 712 2858 858 2887; x_wconf 79' lang='lat' dir='ltr'><strong><em>conatum,</em></strong></span> <span class='ocrx_word' id='word_1_430' title='bbox 883 2864 935 2883; x_wconf 88' lang='lat' dir='ltr'>seu</span> <span class='ocrx_word' id='word_1_431' title='bbox 951 2855 997 2883; x_wconf 82' lang='lat' dir='ltr'>in-</span> <span class='ocrx_word' id='word_1_432' title='bbox 1032 2856 1083 2884; x_wconf 84' lang='lat' dir='ltr'>bat</span> <span class='ocrx_word' id='word_1_433' title='bbox 1117 2855 1264 2890; x_wconf 82' lang='lat' dir='ltr'>wolfius,</span> <span class='ocrx_word' id='word_1_434' title='bbox 1297 2854 1503 2895; x_wconf 71' lang='grc' dir='ltr'>καταχοςηγεῖν</span> <span class='ocrx_word' id='word_1_435' title='bbox 1531 2854 1657 2890; x_wconf 76' lang='lat' dir='ltr'>Comes,</span> <span class='ocrx_word' id='word_1_436' title='bbox 1685 2855 1736 2884; x_wconf 84' lang='lat' dir='ltr'>cui</span> 
     </span>
     <span class='ocr_line' id='line_1_48' title="bbox 299 2892 1284 2928; baseline 0.008 -10"><span class='ocrx_word' id='word_1_437' title='bbox 299 2896 444 2920; x_wconf 76' lang='lat' dir='ltr'><em>stuutum.</em></span> <span class='ocrx_word' id='word_1_438' title='bbox 468 2892 573 2922; x_wconf 63' lang='lat' dir='ltr'>lnam.</span> <span class='ocrx_word' id='word_1_439' title='bbox 1033 2898 1284 2928; x_wconf 83' lang='lat' dir='ltr'><strong>obsecundamus.</strong></span> 
     </span>
    </p>
   </div>
   <div class='ocr_carea' id='block_1_4' title="bbox 343 2932 812 2974">
    <p class='ocr_par' dir='ltr' id='par_1_5' title="bbox 343 2932 812 2974">
     <span class='ocr_line' id='line_1_49' title="bbox 343 2932 812 2974; baseline 0.011 -13"><span class='ocrx_word' id='word_1_440' title='bbox 343 2932 434 2974; x_wconf 80' lang='grc' dir='ltr'>Λύειν]</span> <span class='ocrx_word' id='word_1_441' title='bbox 459 2936 492 2964; x_wconf 79' lang='lat' dir='ltr'>F.</span> <span class='ocrx_word' id='word_1_442' title='bbox 510 2935 570 2974; x_wconf 81' lang='lat' dir='ltr'><strong>leg.</strong></span> <span class='ocrx_word' id='word_1_443' title='bbox 586 2936 684 2965; x_wconf 77' lang='grc' dir='ltr'>λιπεῖν.</span> <span class='ocrx_word' id='word_1_444' title='bbox 712 2938 812 2966; x_wconf 64' lang='grc' dir='ltr'>ΙΒΕΜ.</span> 
     </span>
    </p>
   </div>
  </div>
 </body>
</html>
