1914 3314
226 192 308 235 794
374 193 456 234 AD
476 193 818 234 VARIANTES
857 194 1191 236 LECTIONES
1225 195 1562 238 PRAEFATIO.

282 307 375 343 Isin.
407 306 540 344 Editio
561 308 831 358 Isingriniana,
854 310 941 346 Bas.
963 313 1081 346 1550.
1103 314 1174 347 8‘0.

280 366 395 403 Wolf.
428 367 556 405 Editio
578 369 805 420 Hieronymi
822 369 964 414 Wolfii,
988 371 1076 407 Bas.
1097 374 1215 410 1570.
1239 370 1305 407 fol.
1445 375 1466 381 Χ

279 427 398 464 Brub.
432 428 563 466 Editio
585 429 868 475 Brubachiana,
887 444 951 468 seu
975 430 1325 468 Francofurtensis.

282 489 403 527 Bekk.
434 489 566 528 Editio
582 492 833 530 Immanuelis
859 491 1038 538 Bekkeri,
1055 492 1184 530 Oxon.
1205 497 1324 530 1823.
1345 495 1415 529 8'0.

281 604 350 654 *ἦ*
381 604 497 642 Notae
519 606 743 655 compendii
763 606 907 656 gratia:
938 619 1010 656 pr„
1033 605 1139 656 qnod
1161 605 1311 651 dicunt,
1333 606 1455 656 prima
1480 619 1614 644 manus
1634 629 1686 635 —

229 678 328 703 corr.
345 673 544 704 correctus
568 690 622 695 —
641 667 699 705 lit.
720 668 829 706 litera
852 668 910 705 vel
936 668 1059 705 literae
1080 689 1130 695 —-
1150 680 1227 704 om.
1253 667 1396 705 omittit
1416 668 1476 705 vel
1500 667 1688 705 omittunt

227 751 280 756 —
299 741 394 766 eras.
415 741 523 767 erasa
546 735 605 766 est
629 729 687 766 vel
713 742 832 766 erasae
854 737 942 767 sunt
962 751 1012 757 —-
1033 743 1119 780 sup.
1139 729 1205 767 lin.
1225 742 1340 780 supra
1361 730 1500 767 lineam
1522 752 1574 758 -—
1593 729 1686 768 add,

228 789 265 826 in
289 802 406 839 marg.
426 790 536 827 addit
552 791 612 827 vel
631 790 782 828 addunt
802 791 840 828 iu
861 790 1043 840 margine.

281 852 450 890 Codices
467 858 506 890 et
523 852 723 890 Editiones
743 866 830 890 cum
852 852 1032 889 Editione
1055 852 1107 889 H.
1127 852 1317 902 Stephani
1338 851 1605 890 conferuntur.

281 914 492 960 Caeterum,
504 914 617 951 velim
633 913 841 963 intelligas,
857 927 991 951 omnes
1008 914 1217 951 verborum
1233 913 1572 964 transpositiones,
1588 925 1685 964 quas

225 983 315 1026 post
343 975 553 1012 secundam
578 974 790 1012 orationem
820 974 857 1011 in
879 973 996 1025 Sylva
1023 974 1262 1012 Variantium
1291 974 1521 1012 Lectionum
1549 980 1685 1011 notare

225 1035 337 1086 desii,
357 1050 404 1074 ex
426 1036 656 1074 auctoritate
674 1036 775 1074 Cod.
808 1036 1010 1073 Urbinalis
1031 1036 1153 1074 factas
1175 1050 1272 1084 esse,
1291 1037 1407 1087 inque
1428 1036 1604 1074 omnibus
1625 1035 1686 1073 his

225 1098 320 1136 locis
342 1110 402 1136 me
426 1097 664 1136 Bekkeranis
685 1097 851 1147 vestigiis
869 1097 1067 1135 institisse.
