1924 3314
488 193 552 233 IN
586 191 945 234 ISOCRATEM
979 192 1303 234 DIATRIBAE.
1573 191 1631 229 37

179 318 254 355 que
267 305 417 343 caeteris
437 306 640 344 vocabulis
659 305 865 354 interjecta
885 312 1027 353 essent,
1043 319 1088 343 ea
1109 305 1326 344 omittenda
1345 304 1478 343 censui
1496 316 1505 340 :
1536 315 1633 353 prae-

181 367 309 403 sertim
330 380 448 417 quum
469 381 516 404 eo
535 368 573 405 in
594 379 753 405 numero
780 367 963 404 nonnulla
987 367 1061 404 sint
1088 380 1134 404 ex
1163 367 1208 404 iis
1235 367 1350 405 etiam
1378 378 1465 416 quae
1492 365 1635 415 cuique

179 427 270 463 satis
288 440 371 464 esse
391 435 482 465 uota
503 434 676 478 possunt.
731 427 832 464 Nam
850 434 889 465 et
909 428 1112 476 Agesilaus
1134 441 1249 466 unum
1271 441 1404 466 eorum
1427 433 1500 473 est,
1518 427 1634 475 Ἀγη·

180 490 316 530 σι’λαος
342 488 497 539 (inquit)
524 488 631 531 οὗτος
659 487 718 533 ἧν,
750 491 799 530 ὡς
826 490 845 525 ὁ
870 488 1039 540 Ξενοφῶν
1070 489 1188 535 δηλοῖ,
1219 488 1401 536 βασιλεὺς
1427 487 1532 526 Λακ.
1555 494 1641 526 etc*

180 548 225 586 ld
243 555 314 596 est,
333 552 547 600 Agesilaus.
570 551 660 595 Hic,
677 557 720 588 ut
733 551 953 602 Xenophon
971 552 1156 597 declarat,
1173 552 1556 590 Lacedaemoniorum
1570 565 1637 589 rex

180 616 276 655 erat,
304 611 431 648 clarus
456 618 496 649 et
521 618 726 651 strenuus:
757 618 794 650 et
814 612 933 649 multa
957 613 1059 650 Asiae
1087 613 1177 650 loca⁴
1198 612 1235 650 in
1263 625 1369 650 suam
1400 617 1635 662 potestatem

181 671 344 720 redegit,
356 685 445 710 usus
458 685 590 710 eorum
608 674 766 712 militum
782 674 949 724 quicum
965 673 1068 723 Cyro
1084 673 1368 711 adscenderant
1383 685 1514 722 opera.
1537 672 1643 709 Haec·

181 731 260 769 fere
281 738 370 769 sunt
389 732 437 770 de
457 733 598 783 quibus
615 741 666 779 te,
680 742 884 784 antequam
900 734 972 770 tibi
987 733 1034 770 ad
1058 733 1405 783 Harpocrationem
1421 739 1460 770 et
1473 732 1634 770 Suidam

182 792 328 830 aditum
347 794 622 843 patefacerem,
643 793 962 843 praemonendum
980 794 1129 842 putavi.

235 853 531 891 AFEAAIstN.
562 854 772 904 Ἰσοκράτης
792 854 832 891 ἐν
852 856 900 904 τῷ
920 852 1211 904 Παναθηναϊκῷ.
1233 857 1281 896 ὡς
1303 852 1354 891 ἂν
1373 856 1402 890 εἰ
1422 853 1542 901 ἔλεγε,
1564 860 1645 890 τῶν

182 916 332 950 πολλῶν
353 920 536 965 σοφιστῶν
555 916 615 950 καὶ
638 917 852 960 πλανητῶν.
874 915 896 958 ἡ
916 915 1107 964 μεταφορὰ
1125 913 1200 950 ἀπὸ
1220 920 1292 950 τῶν
1313 914 1504 961 ἀγελαίων
1524 914 1638 958 ζώων,

182 976 208 1011 ἃ
233 972 412 1021 βόσκεται
438 977 490 1018 εἰς
517 977 542 1011 ἃ
566 975 672 1024 τύχοι
697 975 830 1025 χωρία’
858 975 879 1019 ἢ
900 972 974 1010 ἀπὸ
1001 980 1074 1011 τῶν
1102 972 1260 1024 ἰχὲύων,
1281 974 1342 1015 οὓς
1369 970 1639 1019 ἓιαβόσκεσὲαι

182 1037 273 1086 φασὶ
289 1034 411 1084 ῥύδην,
430 1035 489 1072 καὶ
508 1035 712 1083 ἀγεληδόν.
730 1037 753 1080 ἡ
774 1037 908 1080 efflata,
928 1035 946 1071 ὁ
965 1035 1160 1081 ἀγελαῖος.
1191 1033 1507 1070 HARPOCRAT.

234 1095 527 1142 ΑΓΕΛΑῘΩΝ,
546 1096 655 1145 apud
674 1096 879 1133 Isocratem
906 1095 949 1131 in
971 1093 1272 1131 Panathenaico
1299 1094 1486 1131 oratione.
1536 1092 1639 1129 Per-

183 1155 274 1194 inde
286 1169 331 1194 ac
345 1158 380 1194 si
394 1156 551 1200 diceret,
567 1156 790 1207 vulgarium
802 1155 1065 1206 sophistarum
1084 1159 1119 1191 et
1140 1167 1334 1192 erronum.
1366 1154 1492 1191 Locus
1513 1159 1639 1190 autem

183 1217 366 1254 Isocratis
387 1218 426 1254 in
447 1217 658 1255 Panatllen.
680 1222 710 1265 ξ.
726 1219 770 1264 η’.
787 1224 845 1254 est
866 1218 950 1254 hic:
973 1218 1260 1260 ἀπαντήσαντες
1280 1216 1354 1266 γάρ
1375 1220 1440 1267 μοί
1458 1232 1551 1258 τινες
1569 1222 1642 1253 τῶν

182 1278 408 1325 ἐπιτηδείων,
430 1280 566 1327 ἔλεγον
585 1282 634 1321 ὡς
657 1279 697 1316 έν
717 1282 765 1330 τῷ
790 1278 935 1330 Λυκείῳ
960 1279 1266 1329 συγκαθεζόμενοι
1296 1283 1394 1327 τρεῖς
1419 1279 1441 1322 ἢ
1472 1279 1640 1328 τέτταρες

184 1346 258 1377 τῶν
286 1341 479 1388 ἀγελαίων
512 1347 711 1391 σοφιστῶν,
743 1341 803 1377 καὶ
836 1340 958 1377 πάντα
987 1341 1204 1390 φασκόντων
1232 1339 1381 1385 stigma,
1411 1355 1470 1376 και
1498 1341 1641 1389 ταχέως

183 1406 381 1452 πανταχοῦ
403 1403 652 1452 γιγνομένων,
674 1401 772 1439 ὃιαλ.
794 1408 870 1440 etc.
901 1400 979 1439 Ubi
997 1400 1102 1451 quod
1120 1400 1291 1447 additur,
1312 1403 1370 1438 καὶ
1389 1403 1534 1451 ταχέως
1549 1417 1644 1439 παν-

185 1471 306 1513 ταχοῦ
329 1467 566 1515 γιγνομὲνων
593 1463 836 1502 occasionem
868 1463 1033 1501 fortasse
1059 1463 1230 1514 praebuit
1251 1463 1551 1514 Harpocrationi
1574 1463 1645 1501 ad·

186 1523 306 1561 dendi
329 1524 424 1562 illud
448 1528 670 1571 πλανητῶν;
700 1538 820 1575 quum
846 1524 993 1574 alioqui
1018 1516 1195 1562 sufficere
1220 1532 1352 1575 posset
1381 1532 1452 1563 τῶν
1477 1527 1643 1562 πολλῶν.

185 1585 346 1634 Alioqui
367 1597 442 1622 non
467 1585 592 1623 minus
612 1585 784 1635 placeret
802 1585 940 1622 eodem
960 1585 1106 1634 alioqui
1126 1598 1254 1631 sensu,
1275 1598 1469 1636 exponere
1489 1592 1562 1623 τῶν
1581 1602 1643 1624 τν-

184 1649 346 1697 χόντων,
367 1654 440 1685 τῶν
455 1649 754 1699 ἀπεῤῥιμμένων,
776 1648 835 1685 vel
856 1654 929 1685 τῶν
949 1646 1293 1698 καταβεβλημένων
1313 1651 1374 1685 καὶ
1394 1651 1647 1699 κατημελημέ-

187 1722 282 1746 νωνι
315 1716 368 1746 ut*
388 1709 473 1746 haec
497 1709 575 1746 duo
607 1709 815 1759 participia
845 1708 1077 1758 copulantur
1105 1709 1156 1745 ab
1185 1710 1357 1747 Isocrate
1389 1711 1461 1747 hac
1491 1711 1528 1746 in
1560 1709 1642 1759 ipsa

185 1770 372 1807 oratione.
430 1769 642 1819 Gregarios
670 1770 865 1819 sophistas
889 1769 1195 1818 interpretando,
1216 1783 1348 1807 vocem
1372 1770 1526 1820 quidem
1555 1771 1642 1808 voci

185 1831 486 1882 respondentem
508 1831 750 1877 habebimus,
771 1831 839 1868 sed
864 1837 991 1868 tamen
1014 1832 1067 1868 ita
1089 1837 1132 1868 ut
1151 1832 1225 1868 alia
1245 1831 1284 1869 in
1310 1832 1448 1869 Latino
1467 1827 1582 1881 quam
1604 1832 1641 1869 in

186 1893 331 1930 Graeco
349 1893 539 1930 vocabulo
558 1892 688 1930 futura
708 1905 791 1929 esse
813 1891 1002 1929 videatur.
1060 1892 1254 1929 Caeterum
1278 1906 1354 1930 non
1375 1892 1642 1940 ὃιαβόσκεσὲαι

187 1953 253 1990 sed
270 1952 479 2000 βόσκεσθαι
497 1954 600 2003 apud
623 1953 783 1990 Suidam
805 1953 965 2003 legitur:
998 1952 1103 2002 quod
1126 1960 1165 1990 et
1184 1954 1296 1990 malo.

239 2014 513 2060 ΑΓΩΝΙΑΙΝ,
530 2016 569 2053 τὸ
583 2014 847 2063 ἀγωνίζεσθαι,
862 2014 1075 2063 Ἰσοκράτης
1094 2015 1134 2051 ἐν
1155 2019 1203 2066 τῷ
1224 2016 1307 2064 περὶ
1328 2023 1390 2060 τῆς
1410 2015 1646 2059 ἀντιδόσεως.

185 2078 441 2124 Ἀγωνιῶντες
457 2078 541 2114 ἀντὶ
560 2082 625 2114 τοῦ
645 2077 928 2126 ἀγωνιζόμενοι,
950 2078 1052 2125 παρὰ
1066 2078 1115 2126 τῷ
1135 2078 1233 2127 αὐτῷ
1255 2077 1295 2114 ἐν
1315 2080 1363 2127 τῷ
1381 2075 1646 2127 Πανηγυρικῷ.

189 2137 501 2175 HARPOCRAT.

240 2197 520 2247 ΑΓΩΝΙΑΙΝ,
535 2200 576 2235 in
597 2199 891 2250 significatione
909 2197 1013 2235 verbi
1035 2196 1302 2246 ἀγωνίζεσθαι,
1318 2197 1424 2248 apud
1439 2197 1647 2236 Isocratem

187 2260 229 2296 in
249 2261 426 2297 oratione
448 2260 515 2297 De
535 2260 724 2301 antidosi.
768 2259 982 2310 Itidemque
998 2260 1270 2306 Ἀγωνιῶντες,
1292 2258 1526 2309 significans
1545 2260 1646 2307 ἀγω-

189 2323 363 2366 νίζεσθαι,
387 2321 496 2372 apud
514 2322 669 2360 eundem
691 2323 734 2359 in
756 2322 913 2373 Paneg.
971 2322 1069 2358 Haec
1091 2321 1384 2370 Harpocration
1402 2334 1410 2358 ε
1444 2321 1510 2358 sed
1532 2322 1646 2358 omit-

189 2388 270 2420 tere
292 2395 368 2420 non
388 2383 541 2429 debuit,
563 2384 657 2434 poni
677 2383 812 2422 itidem
836 2396 974 2421 nomen
1000 2385 1150 2430 ἀγωνία
1168 2382 1290 2432 (unde
1312 2382 1457 2420 facturn
1478 2388 1538 2420 est
1563 2395 1646 2420 ver-

189 2442 280 2480 bum
301 2443 487 2491 ἀγωνιᾷν)
506 2456 578 2494 pro
598 2445 719 2492 ἀγὼν,
736 2450 774 2481 et
790 2444 947 2493 quidem
969 2443 1073 2493 apud
1095 2443 1260 2480 eundem
1282 2449 1473 2481 oratorem
1495 2443 1532 2480 in
1548 2443 1646 2480 Eva-

187 2515 292 2554 gorae
313 2503 504 2540 encomio.
561 2505 662 2542 Nam
683 2505 735 2542 ibi
759 2505 908 2555 plurale
935 2506 1104 2552 ἀγωνίας
1124 2504 1300 2554 legimus,
1321 2517 1393 2553 pro
1419 2505 1588 2552 ἀγῶνας,
1608 2505 1646 2543 id

189 2571 261 2611 esi,
281 2566 505 2611 certamina,
524 2569 555 2611 ξ.
583 2566 629 2603 α’.
652 2568 685 2604 οἱ
706 2566 742 2604 δὲ
769 2568 850 2617 περὶ
875 2571 940 2610 τὴν
964 2567 1142 2615 μουσικὴν
1162 2568 1220 2602 καὶ
1245 2568 1311 2608 τὰς
1332 2562 1456 2608 ἄλλας
1477 2566 1647 2614 ἀγωνίας

185 2627 302 2670 ὄντες.
361 2627 489 2677 Digna
508 2633 638 2665 autem
661 2627 816 2666 suerunt
833 2630 981 2675 ἀγωνία
997 2633 1037 2664 et
1056 2629 1227 2675 ἀγωνιᾷν
1243 2640 1408 2677 quorum
1430 2627 1514 2664 liaec
1535 2627 1648 2677 signi-

189 2687 320 2726 ficatio
341 2695 553 2734 notaretur,
571 2703 688 2739 quum
706 2689 789 2739 jam
806 2689 891 2726 haec
913 2688 1181 2733 obsolevisset,
1198 2695 1236 2725 et
1257 2688 1368 2725 aliam
1389 2687 1646 2738 accepissent.

242 2750 584 2795 AAEAQIZEIN,
606 2752 689 2788 ἀντὶ
708 2755 770 2788 τοῦ
795 2750 955 2801 α’ἒελφὸν
974 2753 1115 2795 καλεῖν,
1136 2751 1220 2800 παρ’
1237 2749 1453 2799 Ἰσοκράτει,
1476 2750 1516 2786 ἐν
1538 2750 1649 2796 Αἰγι-

192 2814 336 2863 νητικῷ.
368 2812 686 2850 HARPocRAT.

223 2903 226 2906 Δ
243 2872 579 2918 ΑΔΕΛΦΙΖΕῙΝ,
589 2872 763 2923 fratrem
783 2872 992 2924 appellare,
1007 2871 1116 2923 apud
1135 2872 1340 2910 Isocratem
1360 2873 1402 2910 in
1424 2871 1651 2922 [Eginetica

192 2935 386 2973 oratione.
417 2935 550 2972 Habes
564 2940 691 2972 autem
707 2938 737 2981 ξ.
752 2935 808 2972 ιε’.
821 2933 899 2973 εἶτα
916 2940 981 2974 νῦν
999 2934 1205 2985 ἀδελφὶζειν
1219 2934 1331 2973 αὑτὸν
1343 2934 1653 2984 ἐπιχειρήσουσιν.
