1924 3314
287 222 341 262 20
706 226 711 232 '
808 218 862 263 Η,
897 216 1193 257 STEPHANI

287 329 378 379 quin
399 330 473 366 hoc
493 329 681 378 posterius
706 329 816 365 nimis
845 327 1000 365 ridicule
1029 328 1092 374 (ne
1113 326 1238 363 dicam
1258 324 1420 363 ridicula
1439 322 1550 361 nimis
1571 318 1721 359 subtili-

286 392 382 436 tate)
402 389 451 426 sit
476 388 749 436 excogitatum.
806 388 882 425 Pro
916 388 973 424 his
997 387 1121 425 verbis
1147 385 1301 424 ΚΑΤΑ
1327 384 1435 422 ΤΩΝ
1465 379 1720 422 ΣΟΦΙΣΤΩΝ
1757 385 1761 388 “

287 449 425 499 legitur
439 449 554 487 etiam
573 450 640 491 Εἷς
658 450 740 491 τοὺς
757 450 957 499 σοφιστάςζ
988 448 1054 486 sed
1073 448 1183 485 Κατὰ
1198 453 1268 484 τῶν
1289 452 1472 496 σοφιστῶν
1491 444 1611 481 tutius
1635 440 1728 478 scri-

289 509 405 546 bitur.
463 509 508 546 In
536 509 692 558 reliquis
720 508 957 546 orationibus
988 513 1054 545 aut
1079 507 1180 544 nulla
1207 512 1273 543 aut
1298 517 1380 542 rara
1401 511 1459 541 est
1479 504 1577 540 tituli
1602 502 1728 539 diver-

288 568 405 606 sitas:
434 568 502 606 sed
518 569 629 618 quod
657 570 793 606 attinet
817 569 865 606 ad
886 568 1099 606 orationem
1130 566 1231 603 illam
1261 578 1348 615 quae
1374 564 1437 601 hic
1467 563 1613 601 ΠΡΟΣ
1640 560 1730 598 ΕΥ-

291 629 519 667 ΘΥΝΟΥΝ
540 629 774 674 inscribitur,
794 627 1175 666 animadvertendum
1196 632 1253 663 est
1273 625 1312 662 id
1333 624 1382 661 de
1407 636 1485 672 quo
1505 622 1627 660 lector
1646 633 1728 657 mo-

290 689 391 725 nitus
406 701 427 725 a
449 702 506 725 me
522 689 575 725 ibi
594 688 665 725 fuit
682 701 691 724 ε
718 701 765 725 ne
785 688 869 736 ejus
891 688 1024 725 titulus
1044 699 1126 724 esse
1144 685 1372 723 vocabulum
1404 680 1746 728 ΑΜΑΡΤΥΡΟΣ

290 746 536 789 existimetur,
558 747 654 784 utin
677 748 904 797 quibusdam
926 747 1162 785 editionibus
1192 759 1262 795 pro
1293 745 1405 782 titulo
1435 744 1601 793 positum
1631 741 1729 779 fuit:

291 805 392 843 unde
410 806 574 843 manavit
594 813 632 843 et
651 807 689 843 in
709 807 807 845 hanc
826 807 1035 844 editionem
1051 807 1184 844 eadem
1199 819 1284 850 vox,
1300 818 1347 842 ac
1367 816 1481 852 super
1500 804 1629 852 posita
1645 801 1731 845 suit,

292 873 475 916 tanquam
505 866 640 905 'titulus
671 868 876 917 uuicuique
912 867 1085 917 paginae:
1126 879 1242 914 quum
1275 864 1417 913 alioqui
1444 863 1518 913 ipsi
1551 860 1734 900 orationis

293 927 482 976 principio
504 940 611 965 verus
634 927 813 976 praefixus
833 927 978 972 suisset,
1004 927 1145 966 ΠΡΟΣ
1172 923 1475 963 ΕΥΘΥΝΟΥΝ.
1532 921 1618 960 Nisi
1646 922 1734 970 quis

293 988 400 1025 malit
429 987 572 1025 ΥΠΕΡ
600 988 792 1025 ΝΙΚΙΟΥ
826 988 967 1027 ΠΡΟΣ
997 986 1306 1026 ΕΥΘΥΝΟΥΝ.
1381 984 1498 1028 Quod
1529 989 1656 1021 autem
1683 982 1733 1019 ad

293 1048 394 1085 illam
415 1062 550 1087 vocem
569 1049 804 1100 Ἀμοίρτυρος
831 1051 981 1095 attinet,
1003 1049 1092 1086 hinc
1118 1048 1325 1097 contigisse
1358 1052 1453 1096 puto
1482 1051 1524 1082 ut
1557 1056 1626 1093 pro
1653 1043 1735 1092 epi-

289 1109 434 1158 graphe
449 1108 563 1157 hujus
579 1109 763 1147 orationis
782 1111 830 1147 sit
851 1110 1006 1148 habita:
1027 1109 1132 1159 quod
1150 1110 1186 1146 in
1202 1106 1431 1158 quibusdam
1447 1104 1732 1154 exemplaribus

291 1170 473 1218 scriptum
493 1170 566 1207 sit:
595 1169 734 1207 ΥΠΕΡ
764 1170 959 1209 ΝΙΚΙΟΥ
999 1170 1037 1207 H
1075 1165 1417 1208 ΑΜΑΡΤΥΡΟΣ.
1447 1165 1584 1214 aliquis
1605 1170 1734 1202 autem

294 1229 387 1266 illud
416 1230 452 1266 H
471 1231 664 1280 acceperit
692 1243 762 1279 pro
772 1230 840 1277 Ἢ,
861 1232 899 1269 id
919 1238 977 1268 est
996 1230 1065 1275 vel,
1089 1243 1208 1280 quum
1228 1234 1329 1267 esset
1360 1225 1631 1276 accipiendum
1663 1235 1735 1273 pro
1803 1238 1806 1241 ’

296 1290 458 1327 articulo
486 1290 733 1340 praepositivo
752 1291 815 1328 ‘H.

787 1624 1125 1665 DIATRIBE
1167 1625 1244 1665 IV.

342 1710 409 1752 (1.)
431 1712 478 1741 De
495 1712 596 1742 multis
611 1722 678 1750 quae
696 1712 863 1748 Dionysius
878 1711 1133 1742 Halicarnasseus
1149 1712 1229 1750 apud
1240 1712 1407 1741 Isocratem
1422 1719 1613 1749 summopere
1628 1709 1742 1740 laudat.

299 1760 365 1801 (2.)
394 1762 440 1791 De
464 1761 613 1791 nonnullis
637 1772 702 1800 quae
726 1761 805 1790 idem
830 1761 908 1800 apud
935 1762 1062 1792 eundem
1085 1761 1290 1800 reprehendit.
1340 1759 1406 1801 (3.)
1429 1761 1478 1790 De
1502 1760 1681 1800 quibusdam
1705 1761 1742 1790 ad

298 1810 397 1839 Vitam
414 1812 480 1848 ejus
494 1810 726 1848 pertinentibus,
739 1820 756 1839 a
772 1810 921 1849 Dionysio
937 1811 1170 1840 Halicarnasseo
1188 1810 1410 1850 praetermissis.

350 1885 422 1931 (1.)
450 1883 661 1934 Dionysius
682 1883 1000 1922 Halicarnasseus
1020 1885 1140 1922 multa
1167 1884 1270 1934 apud
1292 1885 1504 1922 Isocratem
1525 1884 1581 1932 (et
1607 1883 1741 1921 merito

299 1943 477 1992 quidem)
498 1956 738 1993 summopere
759 1944 910 1984 laudat:
942 1945 1008 1982 sed
1041 1945 1093 1982 ita
1115 1951 1157 1982 ut
1177 1957 1247 1982 nec
1266 1956 1354 1994 quae
1376 1943 1650 1994 reprehendat,
1671 1943 1740 1981 de-

299 2003 388 2040 sint.
445 2003 586 2040 Verum
617 2003 788 2041 laudatio
808 2005 874 2053 (de
907 2017 983 2052 qua
1013 2005 1120 2054 prius
1153 2004 1294 2052 dicam)
1324 2004 1444 2041 multo
1475 2003 1587 2041 latius
1619 2009 1740 2054 patet.

298 2075 387 2100 nam
408 2063 511 2101 haud
530 2069 677 2101 tantuin
696 2064 781 2113 ejus
801 2063 1017 2102 doctrinam
1037 2071 1077 2102 et
1101 2064 1361 2114 eloquentiam
1384 2063 1451 2101 sed
1484 2076 1608 2101 mores
1626 2064 1740 2102 etiam

299 2124 460 2162 laudat:
490 2124 537 2162 ad
560 2125 894 2174 reprehensionem
912 2131 1038 2163 autem
1055 2127 1159 2175 quod
1180 2127 1332 2173 attinet,
1351 2138 1397 2163 ea
1417 2138 1494 2163 non
1515 2126 1618 2164 circa
1636 2125 1740 2163 aliud

301 2197 415 2233 quam
436 2186 566 2223 nescio
583 2198 698 2235 quam
714 2185 798 2234 ejus
815 2186 853 2223 iu
869 2199 937 2223 suo
953 2186 1112 2224 dicendi
1128 2199 1268 2236 genere
1288 2185 1510 2231 κακοήθειαν
1523 2187 1626 2234 (utar
1641 2185 1742 2224 enim

302 2244 377 2282 hoc
397 2245 525 2289 verbo,
554 2245 734 2295 quoniam
765 2246 926 2284 maxime
947 2246 1153 2284 convenire
1172 2247 1326 2285 videtur
1344 2246 1379 2284 ei
1400 2246 1506 2296 quod
1537 2245 1600 2284 ille
1616 2247 1741 2296 expri-

302 2318 403 2342 mere
436 2305 529 2343 velle
551 2306 713 2343 videtur.
747 2306 894 2344 etiamsi
917 2319 963 2344 eo
995 2306 1148 2345 minime
1177 2321 1268 2346 usus
1300 2308 1367 2354 sit)
1396 2313 1590 2359 versatur:
1626 2312 1670 2345 ut
1698 2320 1745 2346 ex

303 2365 420 2402 altera
439 2371 547 2414 parte
579 2365 693 2414 hujus
719 2366 911 2404 Diatribes
940 2367 1106 2417 patebit.
1162 2368 1293 2413 Quum
1312 2375 1438 2407 autem
1461 2381 1536 2406 non
1555 2368 1680 2406 solum
1705 2368 1744 2406 in

303 2424 388 2473 ejus
414 2425 491 2462 vita
517 2424 584 2462 sed
619 2425 701 2462 aliis
730 2425 926 2476 plerisque
958 2427 1053 2465 locis
1083 2427 1166 2476 ejus
1193 2428 1452 2479 eloquentiam
1487 2427 1629 2474 laudet,
1656 2441 1745 2467 eum

305 2498 417 2533 quem
439 2485 530 2522 mihi
552 2485 732 2523 memoria
762 2493 943 2536 suggeret
962 2487 1135 2525 ordinem
1163 2501 1315 2539 sequar.
1373 2488 1552 2539 Legimus
1571 2488 1688 2538 igitur
1706 2489 1745 2527 in

305 2545 405 2582 Isaeo
428 2545 476 2582 de
507 2545 580 2583 hoc
612 2552 790 2584 oratore:
819 2546 1091 2599 ἐνθυμούμενος
1115 2547 1151 2586 δὲ
1170 2549 1225 2586 ὅτι
1246 2553 1313 2594 τὴν
1340 2549 1409 2599 μὲν
1427 2551 1615 2595 ποιητικὴν
1631 2564 1744 2587 κατα-

305 2610 436 2652 σκευὴν
452 2610 510 2644 καὶ
530 2610 570 2645 τὸ
590 2610 766 2658 μετέωρον
785 2608 826 2653 δὴ
845 2616 949 2646 τοῦτο
969 2611 1027 2646 καὶ
1042 2611 1224 2660 πομπικὸν
1243 2611 1432 2660 εἰρημένον
1451 2609 1568 2652 οὐδεὶς
1585 2609 1747 2660 Ἰσοκρά-

303 2684 387 2711 τους
411 2671 573 2718 ἀμείνων
607 2670 765 2718 ἐγένετο,
786 2674 994 2721 παρέλιπον
1024 2671 1114 2710 ἑκὼν
1131 2675 1193 2715 οὓς
1216 2671 1317 2726 ᾔδειν
1334 2672 1444 2717 ἦττον
1462 2671 1502 2709 ἐν
1521 2676 1604 2714 ταῖς
1632 2671 1746 2714 ἰδέαις

303 2733 455 2772 ταύταις
482 2732 764 2779 κατορθοῦντας.
823 2731 960 2768 illitati
979 2738 1105 2770 autem
1132 2734 1220 2783 quis
1251 2732 1375 2783 possit
1404 2732 1507 2770 huuc
1533 2744 1648 2781 quem
1667 2732 1744 2781 pri-

304 2801 407 2827 mum
426 2791 519 2838 (non
552 2796 678 2828 tamen
707 2791 837 2829 habita
868 2792 1011 2830 ordinis
1032 2793 1192 2839 ratione,
1221 2793 1288 2830 sed
1314 2799 1432 2843 prout
1452 2792 1636 2830 memoria
1654 2805 1742 2842 sug-

304 2851 433 2899 gessit,
465 2852 564 2889 sicut
595 2851 709 2888 modo
743 2851 938 2898 dicebam)
971 2866 1152 2905 propono
1182 2854 1332 2892 locum:
1363 2852 1481 2903 idque
1511 2852 1664 2890 duabus
1693 2853 1743 2890 de
1795 2897 1797 2899 ,

304 2913 441 2950 causis.
499 2914 582 2950 Una
603 2920 674 2957 est,
694 2914 796 2962 quod
814 2913 895 2951 haec
914 2914 1062 2962 poetica
1085 2921 1278 2953 structura
1300 2913 1370 2962 (ita
1389 2913 1490 2951 enim
1510 2915 1738 2956 κατασκευὴν
