1924 3314
528 199 593 241 IN
626 200 980 243 ISOCRATEM
1014 189 1341 245 DIATRIBAE.
1614 206 1668 246 25

206 315 647 366 προσκαταστρεφόμενοι,
675 315 784 352 valde
814 315 951 353 mirum
981 321 1020 353 et
1049 318 1224 367 ineptum
1251 319 1364 356 etiam
1387 318 1512 356 visum
1530 324 1604 365 est,
1623 319 1663 356 id

206 378 279 417 est,
300 373 442 424 ineptae
466 374 675 424 cujusdam
695 376 952 414 affectationis
969 389 978 415 :
1011 382 1127 427 atque
1147 378 1247 416 adeo
1265 379 1398 430 magis,
1420 392 1536 429 quam
1556 378 1661 416 aliud

206 434 421 484 quidquam
454 449 586 474 eorum
613 450 702 487 quae
723 450 745 474 a
765 437 953 487 Dionysio
985 438 1335 488 reprehenduntur,
1365 439 1664 490 reprehensione

205 495 378 544 dignum.
436 496 578 547 Inepte
605 498 719 542 enim,
739 498 797 535 vel
829 498 962 548 potius
982 498 1236 548 ineptissime,
1254 500 1404 538 dictum
1425 508 1525 538 esset
1545 517 1663 550 προσ-

203 559 536 609 καταστρεφόμενοι
564 571 634 608 pro
665 561 1015 611 καταστρεφόμενοι,
1044 565 1085 597 ut
1115 560 1269 598 duobus
1290 562 1414 599 modis
1438 561 1663 599 conveniret

202 631 291 655 cum
309 622 597 671 προσαγόμενοι,
618 620 658 657 id
679 626 752 666 est,
773 626 815 658 ut
844 634 920 658 non
948 622 1064 659 modo
1087 629 1218 660 essent
1241 623 1382 673 parisa,
1403 637 1469 661 seu
1488 623 1661 660 homoeo-

201 680 345 718 teleuta
359 682 523 730 (etiamsi
540 681 700 731 quidam
718 683 817 720 inter
833 683 918 721 haec
938 683 1147 721 discrimen
1167 686 1437 733 constituunt),
1454 685 1520 722 sed
1541 684 1660 722 etiam

199 743 250 780 ab
271 744 406 782 eadem
434 745 710 794 praepositione
740 751 944 796 utrumque
971 745 1172 795 inciperet.
1234 747 1311 784 Sed
1334 760 1416 784 mea
1436 746 1560 784 editio
1588 751 1662 783 sta-

198 803 263 840 tim
285 804 469 849 ostendit,
492 805 609 842 fidem
632 805 838 854 Dionysio,
869 813 936 843 aut
969 806 1126 844 librario
1159 808 1272 856 cujus
1301 821 1418 845 manu
1439 809 1658 858 exscriptus

198 863 272 900 fuit
293 864 356 901 hic
377 864 462 912 ejus
483 864 596 910 liber,
625 865 779 902 minime
809 865 1029 903 habendam
1055 879 1150 905 esse.
1209 867 1309 904 Nam
1332 869 1370 904 in
1391 881 1434 905 ea
1456 884 1656 919 καταστρε-

197 925 349 974 φόμενοι
380 924 463 974 legi,
484 925 672 976 comperi.
737 926 800 963 De
832 926 907 963 lioc
938 926 1095 976 quidem
1127 933 1234 965 certe
1269 927 1303 965 ei
1333 929 1538 975 assentior,
1570 929 1658 975 ista,

197 997 285 1034 quae
326 985 471 1036 alioqui
514 993 742 1024 ornamenta
791 987 977 1025 orationis
1020 995 1161 1034 essent,
1201 995 1240 1026 et
1279 1003 1392 1027 aures
1430 990 1657 1036 mulcerent,

195 1053 331 1085 contra
367 1048 420 1086 ob
460 1048 616 1086 nimiam
649 1048 920 1099 frequentiam,
957 1061 1021 1087 eas
1059 1062 1174 1099 posse
1214 1049 1428 1088 offendere.
1505 1051 1656 1088 Scimus

194 1107 297 1145 enim
329 1122 411 1146 esse
444 1109 585 1161 ubique
611 1123 742 1148 verum
771 1110 891 1156 istud,
925 1111 986 1147 Ne
1018 1110 1110 1161 quid
1147 1110 1286 1149 nimis:
1314 1124 1386 1149 nec
1419 1110 1553 1152 miuus
1568 1124 1656 1149 vere

193 1168 272 1208 dici
290 1170 511 1221 (allegorice
531 1172 648 1210 etiam
668 1171 992 1222 loquendo),Mel
1006 1172 1165 1210 nimium
1182 1172 1219 1210 in
1240 1172 1290 1210 fel
1311 1172 1511 1212 converti:
1538 1172 1655 1221 juxta

192 1233 297 1272 illum
318 1246 472 1284 quoque
493 1233 724 1273 versiculum
747 1235 953 1273 Graecum:

535 1330 588 1360 Καὶ
605 1332 659 1370 γὰρ
675 1331 726 1361 τοῦ
741 1329 864 1371 μέλιτος
878 1330 911 1361 τὸ
928 1331 1019 1362 «πλέον
1035 1330 1099 1362 ἐστὶ
1116 1332 1200 1373 χολή.

190 1405 277 1444 Nec
308 1418 402 1443 vero
437 1405 650 1457 Dionysius
682 1411 832 1444 tantum
866 1407 1118 1457 reprehendit
1155 1419 1244 1444 eum
1272 1406 1347 1443 hoc
1386 1405 1556 1450 nomine,
1587 1404 1654 1459 sed

190 1467 333 1504 Fabius
365 1480 523 1518 quoquc
555 1467 789 1517 reprehendi
804 1469 876 1506 ait:
907 1469 1055 1507 Scribit
1090 1470 1216 1506 enim:
1250 1468 1331 1505 “in
1367 1466 1653 1517 compositione

186 1527 286 1579 adeo
306 1528 482 1578 diligens,
504 1534 546 1566 ut
564 1541 657 1566 cura
676 1528 760 1578 ejus
780 1530 1126 1579 reprehendatur.'’
1182 1531 1242 1567 Ita
1265 1536 1308 1568 ut
1329 1531 1367 1567 in
1388 1530 1508 1567 dubio
1540 1529 1656 1571 nobis

189 1589 252 1627 hic
273 1589 478 1640 relinquat,
498 1602 546 1627 an
567 1596 606 1627 et
627 1591 707 1640 ipse
730 1591 779 1628 sit
795 1604 815 1628 e
830 1604 989 1629 numero
1010 1591 1348 1642 reprehensorum.
1393 1591 1521 1635 Quam
1542 1589 1655 1627 nobis

187 1662 327 1700 augere
344 1650 626 1688 dubitationem
652 1651 714 1688 hic
733 1650 914 1699 ejusdem
930 1652 1040 1690 locus
1056 1659 1212 1703 potest:
1246 1657 1270 1675 ‘⁴
1284 1653 1441 1702 Magnae
1458 1652 1652 1690 veteribus

185 1724 290 1749 curae
309 1710 394 1756 fuit,
409 1712 569 1760 gratiam
593 1712 749 1749 dicendi
766 1725 787 1749 e
803 1712 963 1762 paribus
983 1714 1186 1751 contrariis
1209 1714 1436 1764 acquirere:
1467 1713 1652 1764 Gorgias,

186 1773 224 1810 in
248 1774 323 1812 hoc
355 1773 606 1819 immodicus,
634 1773 821 1823 copiosus
857 1774 993 1824 utique
1026 1774 1147 1823 prima
1173 1780 1288 1812 aetate
1320 1775 1512 1812 Isocrates
1544 1774 1656 1812 fuit.”

185 1834 326 1884 Neque
362 1834 462 1872 enim
503 1833 770 1879 immodicum,
803 1834 904 1872 sicut
941 1841 980 1872 et
1009 1835 1210 1884 Gorgiam,
1242 1835 1360 1872 fuisse
1400 1835 1551 1882 scribit,
1581 1833 1648 1872 sed

184 1902 335 1935 tantum
365 1896 578 1946 copiosum.
639 1895 687 1932 Et
721 1895 877 1945 quidem
910 1896 984 1933 hoc
1015 1896 1065 1933 ab
1095 1909 1142 1934 eo
1163 1897 1340 1947 restringi
1369 1897 1499 1942 etiam,
1522 1896 1653 1934 obser-

183 1959 351 1997 vandum
370 1965 440 2003 est,
463 1970 584 2008 quum
603 1957 729 2004 addit,
744 1958 865 2008 prima
884 1965 1015 1996 aetate.
1064 1958 1179 2002 Quod
1198 1959 1344 2008 optime
1362 1957 1542 1995 convenit
1561 1971 1650 1995 cum

183 2033 231 2059 eo
251 2020 357 2071 quod
377 2019 514 2057 scribit
534 2019 762 2070 Dionysius,
778 2019 974 2057 orationes
991 2019 1040 2057 ab
1061 2033 1108 2057 eo
1127 2020 1200 2057 sub
1219 2020 1308 2057 vitae
1329 2019 1444 2056 finem
1467 2019 1648 2069 scriptas,

185 2081 309 2119 minus
346 2094 430 2118 esse
466 2080 732 2131 μειρακιώδεις,
772 2086 909 2130 utpote
948 2080 1163 2131 perfectam
1205 2080 1449 2130 prudentiam
1481 2093 1503 2117 a
1533 2079 1650 2130 longa

181 2151 296 2182 aetate
321 2143 497 2193 adeptas.
557 2132 734 2179 Fortasse
766 2149 894 2180 autem
928 2143 1005 2188 illa,
1038 2142 1145 2188 ἧττον
1175 2144 1244 2180 εἰσὶ
1269 2141 1531 2192 μειρακιώδεις,
1552 2141 1650 2179 verti

183 2219 230 2243 ex
251 2205 418 2243 Horatio
439 2209 602 2254 possent
629 2204 757 2241 minus
771 2205 1033 2254 juvenantur.
1090 2204 1301 2249 Caeterum,
1322 2202 1498 2252 quamvis
1525 2202 1579 2240 ita
1599 2202 1648 2241 de

179 2269 348 2306 Isocrate
370 2267 528 2317 scribat,
546 2265 670 2303 fateor
688 2272 833 2313 tamen,
853 2278 954 2311 eum,
972 2266 1055 2310 ubi,
1075 2266 1122 2303 de
1136 2265 1325 2314 junctura
1346 2266 1525 2315 loquens,
1546 2278 1650 2315 quae-

178 2329 267 2367 dam
295 2328 470 2378 exempla
501 2341 632 2366 eorum
656 2341 744 2377 quae
776 2328 813 2365 in
843 2328 909 2365 illa
929 2326 1271 2365 animadvertenda
1302 2333 1392 2364 sunt
1411 2326 1558 2371 attulit,
1578 2326 1646 2364 ad-

179 2390 296 2428 dere:
327 2389 593 2439 “Nimiosque
614 2402 691 2426 non
715 2389 904 2426 immerito
924 2389 961 2426 in
975 2389 1048 2426 hac
1071 2401 1163 2425 cura
1184 2393 1324 2437 putant
1342 2400 1474 2425 omnes
1494 2389 1646 2426 Isocra-

179 2459 255 2490 tem
289 2458 455 2496 secutos,
483 2450 760 2500 praecipueque
794 2449 1134 2500 Theopompum.’'
1192 2449 1300 2486 Idem
1331 2449 1482 2495 scribit,
1514 2449 1646 2500 plures

179 2513 414 2551 eruditorum
431 2511 544 2549 aliam
565 2525 650 2550 esse
670 2511 828 2549 dicendi
851 2512 1054 2557 rationem,
1071 2511 1183 2548 aliam
1200 2510 1410 2556 scribendi,
1429 2510 1645 2560 putavisse:

178 2588 224 2613 ac
242 2587 387 2618 rursus,
409 2574 506 2611 alios
525 2573 572 2611 ad
603 2573 915 2623 componendum
938 2572 1125 2623 optimos,
1144 2571 1365 2609 actionibus
1386 2571 1547 2609 idoneos
1568 2585 1645 2609 non

179 2635 308 2681 fuisse,
323 2641 364 2673 ut
385 2635 611 2672 Isocratem.
669 2635 780 2672 Unde
799 2641 838 2672 et
860 2634 1089 2671 Ciceronem
1107 2633 1299 2671 dicentem
1318 2633 1495 2671 audimus
1517 2639 1541 2654 “
1556 2647 1644 2671 eum

177 2697 320 2736 forensi
342 2697 426 2734 luce
449 2695 659 2734 caruisse.'’

228 2760 303 2808 (3.)
331 2758 438 2795 Inter
465 2757 530 2794 illa
561 2763 693 2794 autem
729 2769 817 2806 quae
848 2755 1058 2807 Dionysius
1089 2755 1407 2794 Halicarnasseus
1441 2755 1491 2794 ad
1525 2756 1639 2794 vitam

175 2819 357 2858 Isocratis
390 2818 627 2870 pertinentia
661 2819 800 2865 omisit,
821 2818 1084 2856 memorabilia
1114 2824 1202 2856 suut
1233 2830 1320 2867 quae
1341 2817 1389 2854 de
1417 2817 1500 2866 ejus
1531 2830 1640 2855 sene—

175 2890 283 2922 ctute
305 2884 502 2933 leguntur,
521 2895 610 2920 cum
639 2881 742 2933 apud
763 2881 874 2927 alios,
896 2888 975 2919 tum
998 2894 1089 2919 vero
1119 2881 1351 2919 Ciceronem
1381 2880 1418 2918 in
1448 2880 1549 2917 libro
1581 2881 1639 2918 De

174 2945 409 2983 Senectute:
443 2950 466 2967 “
485 2945 557 2982 Est
577 2944 693 2983 etiam
715 2943 878 2992 (iuquit)
897 2943 1025 2993 quiete
1054 2949 1094 2981 et
1122 2955 1216 2992 pure
1245 2947 1285 2980 et
1313 2941 1509 2991 eleganter
1538 2947 1636 2979 actae

895 3025 920 3051 E
