1914 3314
771 195 856 237 AD
889 195 1258 238 ISOCRATEM.

331 314 440 336 versus
470 306 604 337 Thraces
635 309 828 348 patefactam,
856 320 997 340 coronam

331 355 364 378 et
375 353 555 379 armaturam
570 350 719 390 integram
731 353 760 382 in
773 353 931 391 praemium
947 363 997 382 ac-

332 391 424 429 cepit.
437 392 513 422 ibid.
538 393 723 433 Hipponici‚
735 395 881 425 ditissimi
894 400 926 424 et
942 406 995 425 no-

331 433 474 464 bilissimi
512 436 604 472 civis,
652 436 740 466 filiam
774 439 875 468 duxit.
919 437 995 467 ibid.

331 485 436 506 omnes
459 477 583 507 omnino
597 479 751 518 Olympiae
768 481 901 510 victores
916 480 996 519 bigis

332 529 421 557 quam
444 519 585 558 plurimis
611 528 644 551 et
672 523 797 561 optimis
819 523 904 552 vicit.
920 525 994 553 681.

331 560 363 590 in
386 563 545 592 sacrificiis
560 563 690 603 aliisque
708 565 879 604 sumptibus
896 565 995 603 publi-

331 603 380 633 bis
409 604 541 635 maxime
574 606 709 637 liberalis
745 612 776 637 et
806 608 993 647 magnificus.

332 645 408 676 ibid.
432 648 593 686 popularis
607 649 673 678 fuit.
699 652 772 681 6802.
795 652 860 689 ejus
884 651 921 680 ab
937 651 990 680 oti-

330 689 455 728 garchia
471 691 664 722 abstinentia.
679 693 754 722 ibid.
777 693 824 723 bis
843 693 942 732 patria
957 694 994 722 ab

333 732 520 762 adversariis
551 734 668 773 pulsus.
691 736 768 766 ibid.
799 736 826 765 ei
861 736 993 775 populus

330 775 466 804 offensus
479 776 536 805 fnit
554 777 680 816 propter
691 789 784 817 posse
799 789 867 808 esse
880 780 992 817 eligar-

331 817 464 848 chicum.
491 819 568 849 ibid.
589 819 672 850 illius
700 821 820 850 fortuna
847 832 914 850 cunt
941 832 992 860 pa-

331 860 399 889 triae
423 861 474 890 illa
497 872 617 901 semper
640 864 801 901 conjuncta
828 864 895 893 fuit.
920 866 993 895 683.

332 903 550 941 Trigintaviris
577 907 770 944 regnantibus
790 911 853 936 tota
875 907 993 936 Graecia

328 947 550 977 exterminatus
566 948 631 977 fuit.
646 948 722 978 ibid.
743 948 774 978 in
790 959 827 978 eo
842 949 993 987 perimen-

328 988 370 1017 do
383 990 609 1019 Lacedaemonii
625 1001 683 1020 non
698 991 796 1021 minus
808 991 994 1027 laborarunt,

329 1035 418 1070 qnam
436 1031 465 1061 in
485 1032 671 1063 destruenda
687 1033 920 1064 Atheniensium
937 1045 994 1073 po-

332 1075 438 1104 tentia.
462 1075 537 1106 ibid.
570 1076 631 1105 filio
657 1077 736 1114 ejus,
761 1076 812 1106 cui
833 1078 932 1107 oratio
954 1077 993 1107 de

332 1116 423 1156 Bigis
447 1117 601 1154 tribuitur,
621 1119 658 1148 ab
675 1120 797 1149 ineunte
821 1122 911 1149 aetate
933 1120 994 1149 sor-

331 1165 404 1189 tuna
419 1160 547 1191 adversa
560 1161 628 1192 fuit.
653 1163 725 1193 684.

287 1199 459 1238 Atcmaeon,
489 1204 659 1234 Alcibiadis
683 1210 792 1235 atavus
829 1207 994 1240 maternus,

332 1246 448 1284 primus
478 1246 710 1277 Atheniensium
740 1246 890 1286 Olympiae
915 1247 993 1286 bigis

329 1288 415 1318 vicit.
433 1291 507 1320 679.

285 1328 516 1368 Alcmaeonidae,
533 1332 702 1363 Alcibiadis
717 1334 846 1372 majores
857 1343 875 1362 a
885 1337 993 1369 matre,

328 1373 488 1405 ditissimi.
515 1377 588 1405 679.
621 1376 774 1406 Pisistrati
800 1375 922 1414 cognati
946 1382 994 1415 ty-

327 1417 463 1447 rannidis
481 1419 548 1456 ejus
564 1420 731 1458 participes
744 1429 813 1448 esse
823 1419 994 1453 noluerunt,

330 1461 386 1489 sed
410 1461 600 1491 exsularunt.
626 1462 702 1491 ibid.
740 1461 877 1500 tyrannis
894 1461 936 1490 ita
950 1461 993 1490 in-

330 1503 400 1539 visi,
418 1507 451 1532 nt
466 1504 516 1532 vel
533 1509 602 1543 post
625 1504 826 1543 quadraginta
839 1513 930 1532 annos
945 1514 994 1532 ca-

327 1545 441 1575 davera
463 1556 568 1576 eorum
596 1557 613 1576 e
640 1547 791 1586 sepulcris
817 1546 995 1576 domesticis

329 1589 524 1627 ejicerentur.
538 1589 613 1619 ibid.

286 1629 445 1670 Alcmene,
463 1632 695 1671 Amphitryonis
719 1633 847 1670 conjux,
877 1641 894 1660 a
915 1631 995 1662 Jove

329 1679 428 1703 amata
444 1680 476 1704 et
491 1676 628 1715 decepta.
644 1677 719 1710 469,
735 1677 810 1705 478.

286 1713 464 1747 Alexander
482 1719 624 1753 Macedo,
640 1717 812 1747 octodecim
828 1717 890 1746 fere
903 1726 995 1745 annos

328 1764 429 1797 natus,
453 1771 513 1800 quo
545 1766 683 1800 tempore
708 1761 865 1790 Isocrates
888 1759 994 1797 paucis

328 1808 398 1832 ante
418 1808 543 1833 mortem
569 1804 655 1833 annis
676 1803 836 1842 epistolam
862 1803 993 1840 quintam

329 1845 358 1875 ei
374 1846 524 1876 mittebat.
539 1848 614 1877 763.
643 1847 804 1881 humanus,
828 1845 992 1874 Athenien-

328 1888 416 1918 sibus
442 1889 572 1927 amicus,
598 1897 629 1918 et
651 1888 809 1928 sapientiae
837 1887 994 1917 studiosus

329 1931 424 1961 fuisse
441 1932 649 1961 dicitur.ibid.
674 1933 780 1970 probat
797 1930 993 1960 doctissimos

326 1978 358 2003 et
387 1974 620 2013 probatissimos
640 1974 871 2004 Atheniensium
896 1972 992 2002 cives.

327 2016 404 2046 ibid.
419 2017 589 2047 dialecticae
599 2017 732 2047 studium
747 2017 908 2055 improbat.
919 2015 993 2044 ibid.

326 2060 469 2098 praeserre
492 2060 605 2090 dicitur
636 2060 819 2099 eloquentiae
843 2058 990 2088 studium.

327 2102 404 2132 ibid.
467 2120 477 2123 ι

284 2144 473 2181 Alexander,
486 2145 598 2176 Priami
615 2146 650 2181 f.,
672 2144 804 2186 (Paris).
823 2147 897 2175 237.
922 2155 992 2173 con-

327 2192 373 2218 tra
388 2189 472 2218 illum
496 2199 577 2218 arina
597 2189 728 2219 ferentes
753 2188 871 2227 magnis
896 2187 991 2217 laudi·

330 2233 387 2261 bus
403 2232 476 2261 elati
492 2231 656 2262 sunt-ibid.
679 2231 853 2260 certaminis
869 2231 991 2260 dearum

327 2274 367 2304 de
383 2275 590 2314 pulcritudine
606 2275 730 2304 arbiter.
746 2276 819 2304 474.

285 2315 467 2347 Amazone&
486 2319 561 2352 392,
576 2319 650 2348 552.
674 2327 775 2347 earum
792 2316 872 2345 nulla
889 2326 927 2344 ex
945 2314 990 2343 in-

326 2360 466 2389 cursione
483 2361 512 2390 in
527 2361 660 2390 Atticam
677 2361 755 2390 sacta
771 2359 894 2388 domum
919 2358 989 2387 red-

327 2402 374 2433 iit.
394 2405 465 2434 195.
490 2403 625 2432 incursio
641 2403 670 2431 in
687 2402 833 2433 Atticam.
849 2402 925 2432 305.

286 2444 536 2485 Amphictyonia.
552 2448 625 2476 ι271.

284 2489 479 2527 Amphitryo,
490 2489 652 2518 Alcmenes
669 2488 795 2526 conjux.
810 2488 884 2517 478.

286 2533 446 2569 Amyntas,
462 2542 478 2560 a
492 2531 626 2560 finitimis
644 2530 752 2569 proelio
769 2533 930 2568 superatus
945 2538 991 2557 re-

326 2571 990 2613 gnoqneprivatus,Gra:corumauxilio,jam

326 2618 407 2646 omni
424 2627 478 2656 spe
495 2618 625 2655 abjecta,
650 2626 773 2654 regnum
798 2623 992 2653 recuperans,

329 2671 381 2690 rex
403 2661 589 2689 Macedoniae
605 2666 741 2689 mortuus
759 2664 817 2687 est.
842 2659 917 2687 306.

284 2703 456 2734 Antalcidae
469 2713 541 2742 pax.
551 2704 627 2737 5:30,
638 2703 667 2732 6.
682 2703 750 2740 ejus
761 2699 992 2730 sornmta.xen.

326 2747 451 2776 Hellen.
466 2757 493 2776 v.
512 2746 532 2774 i.
551 2748 604 2775 28.

284 2789 453 2829 Antipater.
470 2791 545 2819 757.

286 2832 416 2870 Anytus.
431 2835 506 2861 711.

284 2873 453 2912 Aphareus.
477 2876 551 2904 772.

284 2917 437 2946 Arcadum
455 2927 556 2955 pugna
567 2925 634 2944 cum
652 2912 903 2943 Lacedaemnniis.
918 2913 992 2942 319.

286 2959 514 2989 Aschesnratus.
531 2960 603 2989 699-

283 3002 497 3037 Archidamus,
524 3000 664 3040 Agesilai
693 3000 725 3034 f.,
741 3010 755 3027 a
773 2999 851 3029 Jove
869 3002 898 3026 et
916 2996 953 3025 lt·
967 3007 993 3025 r·

1661 194 1741 237 867

1076 304 1145 339 cole
1157 308 1304 348 originem
1319 308 1416 339 ducit.
1431 308 1506 338 ⁴776.
1542 308 1738 338 Lacedaemo·

1075 351 1133 382 niis
1153 351 1184 381 in
1213 352 1349 382 oratione
1372 362 1428 382 suo
1447 351 1568 381 nomine
1590 350 1737 390 inscripta

1075 395 1193 430 suadet,
1217 405 1255 424 ne
1282 395 1491 424 Thebanorum
1522 394 1669 432 imperata
1693 395 1735 423 fa-

1073 437 1154 467 ciant
1179 447 1233 467 nec
1250 437 1395 467 Mesenen
1420 437 1445 466 si
1473 436 1551 476 eripi
1569 436 1734 475 patiantur.

1074 482 1148 510 292.
1172 479 1340 518 impellitur
1355 479 1536 509 abIsocrate
1548 478 1733 518 epistolaix.

1073 526 1225 552 utcontra
1251 524 1360 552 Persas
1382 521 1611 560 expeditionem
1635 522 1734 552 susci-

1072 565 1146 604 piat.
1174 566 1251 595 775.
1287 576 1336 594 res
1364 567 1431 603 ejus
1460 563 1625 604 praeclarae.
1654 564 1731 594 ibid.

1071 611 1157 646 patre
1171 618 1242 645 rege
1259 617 1274 636 a
1291 608 1428 637 Hercule
1444 606 1684 638 oriundus-997.

1028 649 1191 680 Archinus.
1208 652 1284 681 706.

1028 691 1149 731 Argivi.
1167 695 1239 722 271.
1257 694 1332 724 514.
1355 693 1519 723 526.595.
1543 691 1730 730 Argivorum

1070 735 1180 765 civitas
1207 736 1245 764 ad
1271 741 1400 774 quatuor
1421 734 1582 774 primarias
1601 734 1731 764 Graeciae

1070 778 1211 808 civitates
1239 778 1383 817 pertinet.
1397 780 1472 808 261.
1509 777 1734 807 reconcilianda

1070 825 1128 850 est.
1152 820 1228 850 ibid.
1271 820 1458 860 Argivorum
1474 819 1643 849 miseranda
1658 830 1733 850 con-

1069 863 1145 893 ditio
1184 863 1368 904 Philippicae
1405 862 1552 892 orationis
1583 867 1731 903 tempore.

1070 907 1143 936 265.
1167 905 1280 935 bellum
1315 907 1353 935 ab
1389 905 1476 934 initio
1501 915 1568 934 curn
1595 904 1731 934 finitimis

1068 948 1168 987 iisque
1183 948 1408 987 potentioribus
1419 947 1545 986 populis
1559 951 1732 985 gesserunt.

1069 990 1278 1029 ibim-quovis
1301 992 1365 1020 fere
1387 1000 1464 1019 anno
1485 1000 1574 1028 agros
1591 1000 1663 1019 suos
1681 1000 1733 1019 va·

1070 1033 1142 1062 stari
1170 1033 1285 1063 sinunt.
1308 1033 1383 1062 ibid.
1420 1032 1581 1071 siquando
1602 1043 1620 1062 a
1642 1031 1732 1062 bellis

1069 1079 1190 1110 vacant,
1204 1075 1410 1105 nobilissimos
1421 1074 1732 1114 opulentissimusque

1071 1118 1159 1148 cives
1175 1118 1340 1148 trucidant.
1361 1120 1433 1149 266.
1457 1127 1581 1156 quarum
1598 1117 1732 1146 omnium

1069 1160 1274 1190 calamitatum
1298 1170 1390 1190 causa
1410 1160 1440 1190 in
1462 1159 1542 1189 bello
1569 1159 1734 1198 qnaerenda

1070 1208 1127 1232 est.
1148 1203 1225 1233 ibid.
1248 1203 1354 1233 clades
1379 1213 1397 1232 a
1419 1202 1659 1232 Lacedaemoniis
1681 1212 1733 1232 ac-

1069 1250 1172 1285 cepta.
1200 1247 1276 1277 390.
1313 1245 1425 1274 civitas
1452 1256 1468 1274 a
1491 1244 1733 1274 Lacedaemoniis

1069 1288 1179 1328 priscis
1198 1287 1386 1327 temporibus
1397 1291 1560 1327 occupata.
1571 1289 1647 1317 5521.
1671 1286 1732 1317 Ar-

1069 1331 1133 1369 givi
1159 1335 1296 1370 tempore
1327 1329 1544 1360 Panathenaici
1572 1330 1732 1360 Persarum

1070 1383 1172 1412 regem
1188 1374 1218 1403 iu
1240 1373 1408 1413 subigenda
1422 1373 1562 1412 AEgypto
1574 1373 1732 1411 juvarunt.

1070 1418 1144 1447 543.

1027 1458 1230 1489 Athenienses
1246 1458 1278 1489 in
1294 1458 1377 1488 bello
1387 1459 1534 1493 victores,
1548 1468 1640 1497 quum
1653 1468 1732 1488 unus

1070 1502 1221 1531 exercitui
1247 1506 1370 1540 praeest,
1397 1501 1484 1536 victi,
1500 1511 1592 1540 quum
1616 1501 1731 1539 plures.

1072 1547 1147 1580 142,
1171 1546 1222 1574 15.
1260 1544 1382 1574 illorum
1414 1545 1486 1578 urbs
1508 1543 1731 1582 antiquissima,

1071 1588 1212 1621 maxima,
1227 1587 1435 1617 celeberrima.
1453 1588 1527 1622 177,
1542 1588 1593 1616 16.
1608 1586 1670 1616 diis
1686 1591 1732 1616 at-

1071 1640 1129 1668 que
1144 1629 1316 1659 hominibus
1336 1629 1445 1663 amica,
1460 1628 1572 1664 omnia,
1591 1639 1659 1668 quae
1682 1639 1732 1658 nc-

1071 1673 1153 1712 cepit
1180 1673 1269 1707 bona,
1299 1682 1367 1702 cum
1393 1671 1461 1701 aliis
1486 1671 1733 1701 communicavit.

1074 1717 1147 1750 179,
1167 1717 1218 1746 16.
1245 1715 1391 1754 mysteria
1414 1713 1574 1753 quotannis
1597 1714 1734 1743 celebrat

1071 1758 1252 1796 frugumque
1290 1758 1437 1787 culturam
1479 1756 1573 1786 semel
1611 1756 1734 1786 omnino

1071 1800 1216 1830 ostendit.
1243 1801 1316 1835 180,
1344 1803 1373 1829 1.
1416 1799 1619 1829 Athenienses
1649 1797 1733 1828 αὐτό-

1070 1842 1173 1884 χθονες
1187 1843 1346 1883 (“eodem
1366 1842 1459 1872 innati
1483 1841 1560 1877 solo,
1583 1842 1664 1880 quod
1686 1841 1732 1870 in-

1072 1884 1210 1920 colunt,'’
1239 1886 1354 1916 Justin.
1379 1885 1429 1915 II.
1451 1883 1513 1923 6.).
1538 1886 1612 1920 178,
1635 1886 1665 1914 2.
1694 1883 1732 1914 iis

1072 1929 1231 1967 quotannis
1242 1928 1404 1958 mittuntur
1418 1937 1436 1956 a
1448 1925 1586 1966 plurimis
1603 1927 1732 1956 Graeciae

1072 1971 1250 2001 civitatibus
1276 1970 1394 2009 frugum
1426 1969 1578 2009 primitiae.
1605 1971 1679 2005 181,
1702 1973 1733 2001 Ξ.

1069 2013 1193 2043 mittunt
1209 2015 1303 2043 duces
1320 2014 1349 2043 in
1368 2012 1496 2042 Graeciae
1513 2011 1666 2048 civitates,
1681 2011 1733 2051 qui

1071 2056 1209 2086 collectis
1217 2057 1321 2095 egenis
1332 2055 1441 2085 incolis
1455 2054 1603 2084 Barbaros
1612 2054 1734 2085 Graecia

1071 2100 1200 2138 pellunt,
1226 2107 1257 2128 et
1278 2098 1399 2128 Graecia
1423 2098 1466 2127 sic
1494 2097 1679 2136 amplificata
1702 2097 1732 2126 in

1071 2142 1210 2171 omnibus
1225 2141 1333 2171 insulis
1346 2142 1435 2170 urbes
1450 2141 1596 2170 condunt.
1614 2142 1688 2175 182,
1702 2141 1732 2170 9.

1071 2195 1134 2224 seq.
1158 2185 1230 2214 facti
1251 2185 1377 2214 aliorum
1389 2182 1503 2213 domini
1520 2183 1734 2221 sno'exemplo

1071 2238 1124 2257 eos
1140 2238 1157 2257 a
1170 2227 1272 2257 multis
1289 2227 1376 2257 malis
1392 2227 1570 2255 liberarunt.
1590 2228 1663 2265 183,
1681 2228 1732 2256 12.

1070 2270 1159 2311 primi
1177 2271 1260 2309 leges
1272 2270 1405 2300 tulerunt
1419 2274 1449 2298 et
1462 2268 1596 2298 civitatis
1605 2268 1732 2298 formam

1069 2313 1274 2342 instituerunt.
1290 2315 1363 2343 185.
1386 2311 1563 2350 spectacula
1577 2310 1650 2340 dant
1664 2311 1734 2351 plu-

1067 2356 1143 2386 rima
1158 2361 1189 2385 et
1204 2355 1418 2394 pulcherrima.
1442 2353 1517 2384 ibid.
1551 2354 1690 2394 corporis
1700 2359 1732 2383 et

1066 2398 1158 2428 animi
1184 2398 1362 2429 certamina.
1384 2396 1462 2426 ibid.
1496 2396 1605 2426 civitas
1625 2406 1730 2426 eorum

1067 2441 1238 2481 peregrinis
1273 2446 1321 2470 est
1356 2439 1541 2478 sempiterna
1572 2438 1731 2479 πανήγυρις.

1067 2483 1143 2514 ibid.
1172 2483 1395 2524 philosophiam
1409 2486 1440 2511 et
1453 2481 1657 2521 eloquentiam
1668 2481 1732 2521 pri-

1068 2526 1107 2556 mi
1123 2527 1304 2556 docuerunt.
1330 2527 1401 2556 186.
1424 2534 1528 2554 eorum
1543 2525 1572 2554 in
1596 2524 1731 2566 philoso-

1069 2568 1140 2608 phia
1178 2568 1323 2608 discipuli
1358 2569 1485 2597 aliorum
1522 2572 1730 2607 praeceptores

1069 2611 1140 2641 facti
1171 2616 1252 2641 sunt.
1281 2613 1352 2645 187,
1374 2611 1431 2641 ult.
1467 2615 1526 2640 tam
1554 2621 1610 2650 pro
1634 2610 1732 2648 patria

1068 2665 1156 2694 quam
1184 2664 1238 2694 pro
1263 2654 1402 2684 libertate
1423 2653 1607 2692 reliquorum
1624 2662 1732 2690 magna

1069 2702 1100 2726 et
1122 2696 1283 2736 splendida
1303 2696 1440 2735 pericula
1463 2695 1632 2725 subierunt.
1658 2697 1731 2729 188,

1074 2743 1122 2770 10.
1139 2739 1392 2769 imbecillioribus
1414 2738 1590 2768 civitatibus
1610 2747 1731 2776 semper

1071 2782 1214 2822 opitulati
1226 2787 1305 2812 sunt.
1323 2781 1398 2811 ibid.
1422 2781 1532 2820 priscis
1545 2779 1731 2818 temporibus

1070 2826 1165 2854 duces
1178 2825 1497 2855 Graecorumfuerunt.
1515 2824 1629 2856 190‚5.
1652 2822 1730 2851 'rhe-

1072 2869 1165 2897 banos
1175 2867 1503 2906 coegerunt,cadnvcra
1517 2866 1554 2894 ad
1568 2864 1731 2894 Cadmeam

1071 2920 1218 2940 caesorum
1235 2911 1364 2941 reddere
1381 2910 1454 2938 suis.
1474 2909 1545 2942 190.
1561 2911 1611 2937 14.
1640 2907 1730 2936 Pelo-

1071 2953 1236 2994 ponnesios
1251 2963 1318 2982 cum
1335 2950 1507 2990 Eurystheo
1525 2950 1553 2979 in
1568 2950 1640 2979 fine·
1660 2959 1732 2979 suns

1073 2997 1259 3026 incurrentes
1289 2995 1435 3024 vicerunt.
1462 2995 1533 3028 ¹90,
1551 2994 1600 3022 17.
1635 2991 1730 3022 maxi-
