1924 3314
860 329 919 370 A:

614 427 1165 503 ΙΣΟΚΡΑΤΟΥΣ

408 547 670 596 ΠΡΟΣ
743 541 1375 595 ΔΗΜΟΝΙΚΟΝ

683 637 1101 703 ΠΑΡΑΙΝΕΣΙΣ.

72 725 147 763 Pag.
1651 719 1730 760 Pag.

96 769 146 797 ed.
833 773 961 780 *-
1651 763 1702 794 ed.

0 810 149 850 {,Steph.
1651 806 1725 837 Cor.

124 857 150 890 2
255 839 315 892 α’.
358 850 445 891 EN
482 848 681 897 πολλοῖς
714 863 814 908 μεν,
855 863 886 889 ω
924 837 1164 908 Δημόνικε,
1219 837 1343 890 πολυ
1361 835 1677 930 xx‹icarium-0551

166 912 395 1006 εὖξῆσομεν
429 914 515 972 τοὶς
553 936 603 965 τε
641 937 725 964 των
775 906 1026 965 σπουδαίων
1069 912 1254 983 «γνώμας
1296 935 1375 964 και
1419 935 1509 970 τας
1549 936 1635 964 των

167 988 344 1053 φαύλων
371 986 580 1047 διανοιας·
618 985 740 1040 πολυ
766 984 807 1039 δε
841 986 1067 1057 μεγίστην
1097 984 1306 1080 διαφοραὶν
1336 984 1569 1050 εἶλήφασ-ιν
1596 986 1636 1039 ἔν

167 1073 270 1123 ταῖς
295 1087 402 1138 προς
426 1063 653 1125 α’λλήλους
678 1062 932 1124 συνηθείαις.
962 1062 1001 1114 οἷ
1023 1086 1101 1133 μεν
1117 1061 1210 1155 7023
1236 1060 1390 1126 φιλους
1403 1059 1639 1130 παρόντας

166 1137 290 1209 μόνον
324 1138 530 1208 τιμῶσιν,
559 1137 597 1189 οἷ
631 1134 674 1189 δε
707 1137 788 1188 καῖ
817 1161 998 1230 μακξαν
1033 1137 1250 1196 α”ω-ὅντας
1273 1135 1523 1202 οἷ’γατιτωσι·
1556 1133 1636 1187 καὶ

127 1229 153 1268 b
172 1237 259 1272 τας
282 1237 364 1283 μεν
392 1237 477 1264 των
498 1212 675 1276 φαύλων
701 1212 940 1274 συνηθειας
963 1210 1117 1278 σ’λμγος
1134 1209 1291 1304 χρόνος
1319 1208 1509 1269 διέλυσε,
1551 1234 1638 1269 τας

172 1285 214 1338 δε
249 1311 334 1339 των
368 1285 619 1340 σπουδαιων
645 1286 804 1350 φιλιας
831 1284 924 1339 οῦδ
949 1286 1004 1338 ἀν
1031 1312 1051 1338 ο
1085 1310 1179 1345 πας
1206 1309 1311 1337 αιων
1340 1281 1636 1352 ἐξαλείψειεν.

168 1361 405 1432 ἧγουμενος
430 1361 498 1414 οὖν
524 1384 724 1430 wpswscv
749 1385 853 1419 τους
879 1358 1046 1426 ciogm’
1025 1384 1298 1454 ορεγομενους
1326 1383 1406 1412 και
1431 1356 1640 1419 ’παιδείας

171 1436 550 1507 α’ντιποιουμενους
591 1460 676 1488 των
720 1433 979 1487 σπουδαιων
1023 1434 1158 1488 αλλα
1206 1460 1270 1506 μη
1323 1459 1409 1487 των
1461 1433 1641 1498 φαύλων

216 1542 513 1583 SUMMARIUM]
567 1541 612 1584 (α’
614 1541 640 1583 .>
695 1542 884 1572 Prooemz'um.

174 1586 295 1621 Causae,
313 1596 406 1624 quare
423 1585 501 1614 hanc
518 1585 686 1614 orationem
708 1586 746 1614 ad
770 1586 885 1614 Demo-

173 1628 276 1658 nicum
304 1628 433 1658 miserit.
484 1628 584 1657 Multo
613 1632 756 1667 praestare
782 1628 886 1657 adole-

173 1676 298 1701 scentes
314 1672 353 1701 ad
369 1672 446 1701 bene
464 1671 639 1705 vivendum,
651 1681 740 1709 quam
754 1671 792 1699 ad
810 1672 887 1699 bene

172 1714 336 1743 dicendum
358 1714 530 1743 informare.
587 1714 672 1750 Quid
697 1713 756 1742 sibi
778 1713 808 1742 in
832 1714 888 1742 hac

921 1542 1119 1581 jungendam.
1169 1540 1329 1572 Justitiam
1353 1541 1495 1581 pecuniae
1519 1551 1643 1581 praepo-

924 1586 1061 1616 nendam.
1110 1586 1230 1624 Corpus
1247 1585 1467 1620 exercendum,
1484 1585 1537 1614 sed
1557 1585 1643 1624 inge-

923 1629 1005 1658 nium
1027 1629 1186 1668 praecipue
1207 1628 1381 1658 colendum.
1426 1628 1544 1658 Gloriae
1559 1633 1644 1666 post·

924 1671 1240 1710 ponendasecuritas.
1266 1670 1334 1712 (ε’.)
1359 1670 1512 1710 Epilogus.
1537 1671 1642 1707 Quare

924 1714 1018 1743 multa
1032 1714 1116 1743 dicta
1131 1715 1203 1748 sint,
1215 1724 1283 1752 quae
1299 1714 1383 1744 aetati
1396 1713 1556 1743 Demonici
1569 1723 1645 1743 nou-

172 1757 309 1786 oratione
325 1756 519 1796 propositum
537 1756 588 1785 sit.
635 1756 818 1786 Praestantia
829 1756 888 1786 vir-

171 1799 259 1835 tutis,
277 1810 345 1838 quae
369 1799 516 1828 Herculis
536 1799 708 1838 Theseique
732 1798 889 1828 laboribus

171 1842 410 1872 immortalitatis
440 1848 542 1871 notam
572 1841 776 1881 impresserit.
813 1840 888 1881 (γ’.)

170 1886 358 1925 Exemplum
389 1884 560 1923 Hipponici
591 1885 689 1924 patris
721 1884 888 1914 virtutibus

169 1929 304 1958 maxime
317 1927 477 1966 co'nspicui
490 1927 551 1957 filio
568 1928 607 1957 ad
624 1928 801 1957 imitandum
816 1937 888 1966 pro—

169 1971 306 2010 ponitur.
360 1970 521 2001 Transitus
551 1971 588 2000 ad
620 1976 785 2011 praecepta.
816 1969 887 2011 (δ’.)

173 2014 338 2052 Praecepta.
384 2014 455 2051 Qua
469 2013 588 2043 ratione
604 2014 646 2042 dii
664 2019 735 2043 sunt
754 2013 891 2046 colendi.

173 2056 280 2087 Pietas
317 2067 391 2095 erga
427 2061 577 2096 parentes.
638 2057 716 2094 Quae
750 2056 888 2095 corporis

171 2100 355 2130 exercitatio
368 2099 573 2138 eligendasit.
602 2098 772 2139 Modestia.
804 2098 887 2135 Quid

170 2142 301 2182 juvenes
315 2143 435 2172 deceat.
481 2141 684 2172 Conscientiae
697 2142 756 2171 vis.
802 2141 889 2178 Quo·

170 2186 262 2215 modo
273 2192 302 2215 te
313 2196 401 2224 geras
411 2195 484 2224 erga
496 2186 584 2221 deos,
595 2190 748 2224 parentes,
760 2185 887 2220 amicos,

169 2228 267 2267 leges.
312 2230 388 2266 Qnae
406 2229 581 2267 vuluptates
597 2228 779 2267 quaerendae.
826 2228 886 2258 Fa-

171 2281 228 2300 mae
239 2272 423 2310 parcendum
437 2271 754 2308 esse‚criminationes
767 2272 804 2301 ab
817 2271 886 2301 aliis

171 2315 327 2353 profectas
348 2315 505 2352 fugiendo.
557 2314 628 2351 Qua
649 2315 701 2344 via
723 2315 817 2344 multa
839 2315 886 2344 di-

173 2367 260 2387 scere
282 2357 446 2396 possimus.
493 2357 668 2388 Affabilitas
695 2362 726 2387 et
747 2357 887 2395 comitas]

173 2400 364 2430 Exercitatio
387 2401 416 2430 in
445 2401 613 2431 laboribus.
659 2401 762 2431 Animi
786 2401 885 2430 conti-

171 2442 284 2473 nentia.
334 2443 541 2474 Taciturnitas
570 2450 600 2474 et
627 2443 658 2473 in
687 2443 805 2474 arcanis
833 2454 885 2473 cu-

171 2485 345 2516 stodiendis
355 2486 469 2516 cautio.
504 2488 666 2526 Quomodo
674 2488 887 2526 jusjurandum

172 2528 215 2559 sit
228 2530 448 2568 praestandum.
493 2531 563 2567 Qua
579 2530 696 2560 ratione
715 2529 806 2559 amici
829 2530 889 2559 sint

173 2572 382 2611 comparandi,
393 2572 588 2611 explorandi,
598 2572 812 2610 conserundi.
828 2574 888 2602 Ve—

174 2615 276 2645 stitus.
322 2616 400 2652 Quae
413 2615 441 2644 in
454 2615 628 2646 divitiarum
644 2616 842 2655 possessione
858 2620 889 2645 et

175 2668 232 2688 usu
250 2658 300 2687 lex
319 2659 512 2688 observanda
528 2659 578 2689 sit.
624 2659 748 2689 Nemini
766 2659 890 2688 calami-

176 2706 270 2731 tatem
283 2712 350 2731 esse
366 2702 622 2740 exprobrandam.
656 2702 778 2738 Quibus
796 2702 890 2731 bene-

176 2744 361 2775 faciendum.
406 2745 581 2774 Cavendum
603 2755 672 2774 esse
691 2746 729 2775 ab
755 2751 890 2774 assenta-

177 2788 306 2817 toribus.
364 2787 472 2817 Officia
503 2787 668 2818 comitatis.
725 2788 892 2827 Competa-

178 2829 281 2860 tiones
306 2831 468 2870 fugiendae.
527 2831 722 2861 Liberalitas.
773 2832 891 2861 Huma-

178 2873 283 2903 nitatis
315 2874 501 2913 praestantia.
560 2874 724 2911 Quomodo
759 2873 893 2904 amicitia

179 2916 373 2947 concilietur.
417 2917 544 2957 Optima
560 2916 753 2947 consultandi
771 2927 806 2946 ac
824 2928 892 2957 per-

182 2958 304 2989 ficiendi
320 2960 408 2990 ratio.
456 2962 560 2998 Reges
576 2961 741 2991 imitandos
757 2971 826 2991 esse
842 2960 893 2990 iis-

182 3010 241 3039 que
259 3004 439 3042 parendum.
484 3004 722 3044 Magistratuum
745 3004 894 3042 gerendo·

183 3052 250 3075 rum
265 3047 354 3078 ratio.
399 3047 572 3078 Potentiam
588 3059 656 3078 cum
669 3047 814 3087 aequitate
827 3057 895 3079 esse

924 1757 998 1785 dum
1012 1756 1207 1786 conveniant.
1241 1758 1354 1786 Rerum
1369 1757 1564 1786 honestarum
1578 1762 1643 1787 stu-

924 1799 1009 1828 dium
1024 1800 1054 1829 in
1072 1799 1243 1829 Demonico
1260 1799 1377 1836 laudat,
1390 1804 1421 1828 et
1436 1809 1497 1838 quo
1510 1798 1561 1828 ille
1577 1799 1642 1829 ani-

924 1852 973 1871 mo
992 1842 1046 1872 has
1061 1841 1286 1872 admonitiones
1302 1846 1485 1880 recepturus
1502 1842 1554 1878 sit,
1570 1841 1642 1872 inde

925 1889 1102 1923 auguratur.
1132 1885 1331 1924 Voluptates,
1343 1895 1410 1923 quae
1424 1895 1440 1914 e
1455 1889 1540 1914 recte
1551 1885 1641 1916 factis

924 1928 1073 1963 oriantur,
1095 1938 1225 1967 quaeque
1251 1933 1404 1966 praeterea
1430 1928 1467 1957 ad
1495 1927 1640 1958 virtutem

924 1971 1111 2009 sequendam
1123 1971 1238 2009 probos
1248 1971 1385 2000 homines
1398 1970 1556 2011 impellere
1567 1981 1641 2010 pos-

924 2013 995 2044 sint.
1054 2014 1192 2043 Deorum
1221 2024 1295 2053 erga
1323 2015 1437 2053 probos
1465 2025 1639 2053 pravosque

922 2056 1041 2086 animus
1065 2068 1081 2086 e
1105 2057 1338 2086 remunerandis
1358 2057 1585 2096 puniendisque
1601 2057 1638 2087 li-

923 2099 1006 2129 beris
1021 2110 1060 2129 ex
1078 2110 1111 2129 se
1129 2100 1280 2139 susceptis
1296 2099 1411 2140 optime
1427 2100 1567 2140 perspici
1582 2110 1639 2139 po-

922 2145 995 2172 test.
1040 2143 1202 2180 Praecepta
1217 2143 1306 2172 utilia
1328 2143 1531 2182 undequaque
1552 2144 1639 2174 colli-

923 2186 1023 2224 genda
1038 2196 1118 2215 esse.
1144 2187 1257 2215 Lixo.
1302 2186 1380 2215 Haec
1398 2187 1496 2216 oratio
1514 2185 1639 2217 videtur

923 2228 1038 2266 scripta
1054 2229 1151 2259 fuisse
1168 2238 1245 2258 anno
1261 2233 1331 2259 ante
1349 2229 1505 2260 Christum
1520 2231 1595 2261 404.
1608 2235 1639 2261 et

920 2271 1069 2301 Isocratis
1087 2272 1186 2301 aetatis
1203 2273 1256 2302 33.
1277 2274 1417 2303 Avenn-

964 2315 1100 2355 Πολλοῖς]
1126 2315 1199 2345 Sub.
1217 2315 1387 2356 πράγμασι.
1410 2315 1537 2346 Wom.

965 2358 1152 2399 Διεστῶσας]
1177 2358 1240 2387 Pro
1255 2357 1430 2389 διεστηκέναι
1446 2357 1460 2389 ἢ
1477 2358 1635 2394 &twa-Erat,

921 2401 1022 2430 Graeei
1046 2401 1125 2431 enim
1144 2400 1246 2431 verbis
1267 2401 1371 2437 finitis,
1394 2411 1538 2431 sensuum
1559 2411 1636 2441 prae-

920 2444 1038 2480 sertim,
1055 2455 1138 2484 saepe
1155 2445 1344 2484 subjungunt
1358 2444 1567 2480 accusativos,
1583 2444 1635 2474 ubi

923 2487 1026 2517 Latini
1042 2487 1202 2517 infinitivis
1219 2488 1332 2527 saepius
1349 2493 1483 2518 utuntur.
1508 2488 1614 2518 IDEM.

966 2530 1135 2570 Εὑρήσομεν]
1161 2528 1416 2569 Ἐπιτευξόμεθα,
1447 2529 1636 2570 ἐξετάσομεν,

922 2583 971 2602 και
987 2572 1072 2615 ἐρεύνῃ
1088 2571 1339 2613 καταληψόμεθα.
1361 2572 1456 2604 Ἐλλει
1459 2584 1543 2603 πτικ
1534 2573 1557 2603 ἰν
1577 2578 1635 2603 est.

924 2616 1112 2656 Intelligitur
1133 2617 1211 2646 enirn
1233 2619 1423 2656 μελετῶντες,
1438 2616 1452 2648 ἢ
1471 2616 1637 2658 θεωροῦντες

923 2657 971 2688 τὸν
985 2656 1048 2689 ῥίον.
1069 2660 1175 2690 IDEM.

969 2701 1142 2742 Σπουδαίων]
1167 2702 1240 2732 Scil.
1256 2701 1427 2744 ἀνθρώπων
1416 2716 1430 2733 η
1445 2702 1554 2741 ἄνδρων.
1580 2703 1637 2731 Est

926 2749 1025 2775 autem
1050 2745 1204 2779 σπουδαῖος
1225 2756 1284 2775 non
1309 2751 1369 2775 tam
1394 2746 1561 2779 studiosus,
1584 2744 1637 2783 qui

926 2788 1094 2829 φιλομαθὴς
1113 2789 1226 2819 rectius
1246 2788 1384 2826 dicitur;
1408 2798 1497 2827 quam
1517 2788 1565 2817 vir
1584 2789 1637 2816 bo·

927 2842 984 2861 nus
1001 2838 1032 2862 et
1052 2832 1212 2868 honestus,
1229 2832 1343 2861 virtute
1360 2832 1521 2871 praeditu5‚
1537 2830 1637 2869 pbilo-

927 2876 1042 2914 sopbiae
1059 2875 1195 2904 deditus.
1221 2876 1328 2904 IDEM.

972 2919 1113 2958 Διαφορὲιν
1132 2917 1296 2958 εἰλήφασιν]
1327 2915 1418 2956 Διαφέ
1421 2929 1446 2957 po
1436 2927 1507 2945 ουσι.
1531 2916 1639 2946 IDEM·

971 2967 1045 3001 Παξο
1039 2961 1129 3003 ’;·ντα]
1155 2961 1183 2992 I.
1199 2971 1227 2991 e.
1245 2960 1296 2994 ἕως
1310 2961 1342 2990 ἂν
1357 2962 1486 2999 παρῶσι.
1512 2959 1620 2988 IDEM.

973 3004 1111 3046 Διέλυσε]
1136 3005 1162 3036 1.
1185 3015 1212 3034 e.
1229 3003 1350 3034 διαλύειν
1366 3001 1450 3033 εἴωθε.
1473 3002 1580 3033 lux-:M-
1595 3000 1640 3032 di-

929 3049 1036 3079 rimere
1051 3048 1130 3078 solet.
1157 3048 1206 3079 At
1213 3058 1293 3078 cen.
