1924 3314
262 219 312 260 12
783 217 839 258 H.
872 214 1174 258 STEPHANI

257 331 435 376 aientem,
450 342 529 380 prae
546 342 586 368 se
599 330 697 368 ferre
710 329 823 368 facile
833 329 1077 378 judicabunt.
1133 324 1363 375 eujusmodi
1377 329 1467 362 sunt
1481 322 1703 373 φιλοπροσή-

257 406 365 439 γορος
377 396 415 428 et
429 392 761 441 φιλοπροσηγορέα.
818 390 957 439 Neque
983 395 1111 426 tamen
1130 387 1204 424 hoc
1227 386 1280 423 ita
1297 384 1388 422 dico
1407 383 1519 434 qnasi
1543 379 1703 428 κίβδηλα

256 458 323 488 aut
337 450 569 498 ὑποκίβδηλα
583 450 731 488 censeri
750 450 943 488 debeant:
975 449 1094 486 immo
1114 460 1205 485 vero
1231 458 1306 483 non
1327 451 1474 482 tantum
1501 456 1524 481 a
1547 444 1702 481 Graecae

258 513 397 562 linguae
427 514 594 563 puritate
620 526 666 551 ea
686 513 787 550 haud
818 504 1041 557 abhorrere,
1062 511 1128 548 sed
1159 510 1193 546 ei
1219 508 1379 546 multum
1411 518 1568 556 quoque
1591 517 1704 541 orna-

258 573 378 610 menti
404 573 540 611 afferre
562 573 760 611 existimo:
793 578 927 622 utpote
949 584 1037 621 quae
1066 571 1132 620 (de
1152 567 1374 619 compositis
1402 573 1528 604 autem
1547 563 1704 615 potissi-

258 646 363 670 mum
380 633 532 683 loquor)
551 634 668 671 docta
688 639 727 670 et
747 632 1052 680 magnojudicio
1072 630 1238 680 praedita
1259 628 1423 666 audacia
1451 626 1500 663 ab
1522 625 1704 664 Isocratis

256 692 422 741 posteris
452 692 667 740 excogitata
698 692 851 728 fuerint.
912 691 1022 728 Hanc
1052 698 1180 728 autem
1211 690 1411 727 audaciam
1446 700 1466 724 e
1492 686 1637 724 saeculo
1666 685 1703 722 in

258 751 444 788 saeculum
459 751 578 800 magis
599 764 644 789 ac
664 751 782 799 magis
795 750 962 788 crevisse
982 750 1124 788 fateor:
1147 750 1214 788 sed
1235 749 1348 786 simul
1364 747 1478 785 etiam
1496 746 1706 796 judicium,

259 811 362 860 quod
391 811 439 848 ad
467 811 566 849 hanc
586 811 869 860 requirebatur,
890 810 1009 860 magis
1028 823 1074 847 ac
1101 810 1237 859 magis,
1256 822 1334 858 quo
1360 807 1511 857 longius
1528 806 1579 844 ab
1606 805 1706 844 anti-

258 871 403 921 quitate
431 872 698 916 recedebatur,
728 870 943 908 decrevisse
973 871 1076 908 dico.
1134 869 1266 907 Libuit
1295 875 1421 907 autem
1454 868 1570 905 hasce
1603 879 1706 904 meas

256 931 359 969 circa
381 944 596 969 sermonem
615 931 731 980 hujus
757 931 955 981 scriptoris
978 931 1268 968 observationes
1288 930 1327 967 in
1351 928 1567 978 exemplum
1589 927 1706 967 etiam

257 1003 472 1041 proponere
486 992 671 1030 examinis
683 992 868 1030 sermonis
880 991 1039 1029 aliorum
1057 991 1298 1041 quorundam
1315 990 1566 1039 scriptorum:
1587 1000 1704 1038 quum

256 1065 303 1089 ex
340 1053 407 1090 tali
433 1053 608 1091 examine
628 1053 711 1091 aliae
738 1052 832 1090 tales
859 1053 1131 1090 controversiae
1164 1051 1245 1088 tolli
1269 1051 1430 1100 possint.
1485 1049 1644 1094 Verum,
1665 1054 1708 1086 ut

255 1112 305 1150 ad
327 1112 508 1151 Wolfium
528 1114 696 1158 redeam,
728 1126 846 1163 quum
875 1113 906 1150 is
934 1126 1052 1162 genus
1072 1112 1110 1150 id
1132 1111 1312 1149 orationis
1341 1111 1381 1148 in
1410 1110 1484 1147 hoc
1504 1122 1592 1146 esse
1607 1121 1706 1158 opu-

258 1173 368 1211 sculo
384 1174 609 1220 contendat,
626 1175 730 1224 quod
747 1187 768 1212 a
784 1174 941 1223 reliquis
962 1172 1210 1211 Atheniensis
1231 1170 1412 1209 Isocratis
1424 1169 1578 1220 scriptis
1596 1169 1710 1217 (dicit

257 1239 397 1281 autem,
410 1247 433 1272 a
447 1234 616 1283 reliquis,
632 1242 816 1284 tanquam
830 1247 905 1272 non
919 1234 1102 1272 dubitans
1121 1233 1214 1283 quin
1229 1239 1267 1270 et
1282 1233 1355 1269 boc
1372 1231 1420 1268 sit
1434 1229 1610 1280 ejusdem
1623 1231 1708 1268 Iso-

257 1295 389 1342 cratis)
408 1295 560 1333 minime
580 1296 808 1333 abhorreat:
839 1295 1016 1345 idemque
1036 1295 1084 1332 de
1105 1292 1433 1345 praeceptionibus
1449 1292 1580 1329 dicat:
1610 1290 1707 1328 illud

258 1354 416 1404 quidem
451 1356 557 1405 prius
584 1356 677 1394 satis
709 1369 769 1393 me
800 1355 986 1393 refutasse
1019 1355 1215 1400 fateberis,
1243 1361 1283 1392 ut
1302 1365 1449 1403 spero}
1482 1352 1530 1389 ad
1560 1364 1707 1401 praece-

256 1414 410 1464 ptiones
430 1422 555 1453 autem
574 1416 679 1465 quod
695 1416 846 1461 attinet,
870 1416 968 1453 sieut
989 1416 1170 1466 plurimas
1189 1429 1272 1452 esse
1294 1415 1464 1452 Isocrate
1480 1413 1614 1463 dignas
1632 1426 1708 1450 non

253 1474 416 1523 inficior,
437 1477 490 1515 ita
508 1478 709 1516 nonnullas
737 1479 786 1516 de
807 1479 922 1516 rebus
951 1478 1159 1516 levioribus
1186 1490 1270 1515 esse
1298 1483 1396 1527 puto
1424 1489 1538 1524 quam
1559 1484 1600 1514 ut
1621 1476 1708 1526 ejus

253 1536 433 1586 gravitati
445 1538 651 1575 convenire
666 1538 743 1576 dici
756 1539 925 1589 possint:
941 1539 1128 1588 quasdam
1141 1539 1255 1576 etiam
1269 1550 1357 1587 quae
1371 1537 1456 1586 ejus
1472 1537 1617 1576 saeculo
1630 1536 1709 1577 fol}-

259 1602 359 1634 tasse
369 1598 489 1634 minus
503 1599 807 1636 accommodatae
824 1599 939 1636 fuisse
955 1607 1021 1636 aut
1036 1599 1159 1636 minus
1176 1599 1402 1636 necessariae
1414 1597 1536 1635 videri
1549 1604 1707 1646 queant.

256 1656 348 1695 Scio
361 1664 487 1696 tamen
499 1659 642 1708 alioqui
656 1659 758 1697 duos.
769 1660 943 1709 proxime
957 1668 1163 1707 sequentes
1177 1658 1324 1695 libellos
1336 1658 1604 1696 auctoritatem
1619 1658 1710 1698 huic

256 1717 349 1756 dare
369 1718 489 1756 videri
508 1732 644 1769 posse:
674 1732 804 1756 verum
830 1719 878 1756 de
900 1719 1050 1756 illorum
1072 1732 1229 1769 quoque
1245 1726 1406 1756 auctore
1429 1718 1575 1768 aliquid
1596 1719 1709 1760 dubi-

257 1779 413 1816 tationis
433 1779 523 1816 mihi
545 1781 746 1818 subortum
765 1793 848 1818 esse
865 1781 903 1817 in
925 1780 1096 1829 proxime
1111 1786 1294 1827 sequente
1317 1780 1495 1818 Diatribe
1515 1780 1681 1819 docebo.

308 1838 382 1887 (3.)
409 1839 541 1888 Nunc,
570 1846 753 1889 tanquam
776 1853 824 1877 ex
853 1840 1067 1877 abundanti
1088 1840 1307 1889 (siquidem
1336 1842 1427 1878 satis
1448 1840 1585 1878 validis
1616 1854 1707 1879 usus

256 1898 390 1936 videor
405 1900 640 1950 argumentis
651 1900 699 1938 ad
717 1901 958 1950 probandum
980 1901 1087 1950 quod
1103 1901 1211 1948 dixi),
1231 1901 1464 1940 auctoritate
1484 1902 1708 1952 Harpocra-

255 1958 372 1997 tiouis
398 1960 579 2011 primum,
593 1960 734 1998 deinde
763 1967 804 1998 et
824 1961 1000 2012 Dionysii
1027 1960 1313 1998 Halicarnassei
1333 1961 1444 1999 nitar.
1501 1961 1574 2001 Ille.
1592 1962 1708 2012 igitur

257 2032 454 2069 exponens
489 2021 646 2064 ἐπακτὸς
673 2022 791 2072 ὅρκος,
819 2022 985 2072 Lysiam,
1015 2034 1167 2060 necnon
1197 2021 1410 2059 Isocratem
1436 2022 1709 2072 Apolloniaten

256 2081 295 2118 ἒν
315 2086 399 2123 ταῖς
433 2082 526 2132 πρὸς
556 2084 763 2132 Δημόνικον
781 2085 1036 2132 παραινέσεσι,
1069 2082 1128 2120 his
1160 2095 1268 2120 usum
1301 2096 1385 2120 esse
1407 2083 1534 2120 verbis
1560 2084 1708 2122 scribit.

259 2140 422 2178 Exstant
440 2148 570 2180 autem
592 2142 677 2181 haec
698 2146 729 2189 ξ.
743 2143 784 2180 δ’.
803 2149 893 2180 ante
907 2143 1007 2181 med.
1038 2144 1180 2181 Verum
1203 2143 1291 2182 huic
1305 2144 1391 2182 loco
1404 2157 1605 2195 opponere
1620 2147 1713 2185 velit*

258 2201 421 2240 fortasse
440 2203 705 2242 contentiosus
726 2204 867 2254 aliquis
889 2205 1005 2243 alium
1030 2205 1205 2255 ejusdem
1230 2206 1565 2255 Harpocrationis,
1586 2207 1622 2245 in
1644 2221 1710 2246 vo·

260 2262 399 2302 cabulo
411 2263 665 2312 παράκλησιςς
689 2265 793 2312 quod
809 2273 1009 2314 postquam
1025 2266 1117 2315 poni
1133 2267 1217 2303 (ι’-ντὶ
1229 2271 1291 2304 τοῦ
1299 2270 1483 2317 προτροπὴ
1499 2267 1607 2314 dixit,
1622 2269 1713 2308 sub-

255 2323 398 2373 jungit,
415 2323 627 2373 Ἰσοκράτης
648 2330 908 2376 παραινέσεσι.
929 2332 967 2367 et
986 2339 1032 2363 ex
1045 2339 1092 2364 eo
1113 2326 1226 2364 affert
1247 2328 1322 2364 ista
1342 2328 1456 2367 verba
1473 2331 1503 2375 §-
1517 2326 1568 2375 β’.
1589 2329 1711 2379 διόπερ

259 2385 362 2433 ἡμεῖς
383 2385 424 2420 οὔ
443 2385 676 2435 παράκλησιν
697 2386 864 2435 εὑρόντες
884 2388 987 2424 ἀλλὰ
1009 2390 1231 2437 παραίνεσιν
1254 2387 1482 2438 γράψαντες.
1530 2390 1712 2429 Animad-

259 2442 483 2482 vertendum
512 2450 571 2481 est
596 2450 725 2482 autem
746 2458 860 2495 posse
882 2447 985 2485 hunc
1011 2447 1139 2485 locum
1165 2447 1275 2486 alteri
1300 2448 1458 2499 opponi,
1486 2449 1591 2499 quod
1613 2450 1708 2489 Ἰσο-

261 2506 406 2554 κράτης,
424 2513 465 2543 ut
479 2506 516 2544 in
529 2507 678 2545 caeteris
691 2507 801 2554 locis,
818 2509 896 2546 sine
913 2509 1166 2558 adjunctione
1184 2510 1245 2547 illa
1261 2510 1437 2548 vocabuli
1452 2512 1711 2550 'An-ommuni-

261 2583 340 2612 της,
359 2565 532 2604 dicatur:
571 2580 617 2605 ac
648 2567 843 2606 fatendum
865 2570 921 2606 vel
952 2570 1031 2608 illic
1059 2582 1134 2608 non
1154 2571 1203 2608 ab
1224 2570 1549 2621 Harpocratioue,
1570 2571 1640 2610 sed
1657 2573 1708 2611 ab

260 2627 350 2674 alio,
380 2627 446 2678 qui
476 2640 550 2666 non
573 2628 706 2666 itidem
739 2629 792 2667 illi
825 2629 954 2679 prisco
978 2630 1140 2669 Isocrati
1169 2631 1468 2672 adscribendum
1499 2633 1574 2675 hoc
1609 2645 1706 2682 opue-

259 2688 406 2726 sculum
433 2696 621 2736 censeret,
638 2689 867 2728 vocabulum
888 2692 962 2729 boc
982 2691 1227 2742 adjunctum,
1247 2693 1305 2731 vel
1326 2693 1390 2731 hic
1419 2693 1473 2732 ab
1488 2693 1619 2742 aliquo
1638 2693 1706 2732 de-

260 2752 424 2787 trac'tum
446 2747 576 2787 fuisse.
635 2750 718 2788 Nisi
738 2751 845 2800 quod
866 2751 942 2798 hic,
959 2753 1103 2800 utilite,
1117 2753 1313 2804 adjectum
1331 2767 1408 2791 non
1425 2761 1498 2801 est,
1511 2755 1706 2794 oblivione

258 2809 380 2860 ipsius
398 2809 716 2859 Harpocrationis
731 2812 935 2861 contigisse
951 2814 1036 2865 quis
1056 2814 1272 2853 existimare
1292 2815 1410 2852 malit.
1451 2815 1706 2866 utrocunque

259 2876 386 2912 autem
414 2883 454 2908 se
475 2883 534 2908 res
555 2871 669 2909 modo
689 2872 845 2922 babeat,
862 2874 1031 2913 videmus
1055 2888 1129 2913 non
1149 2875 1464 2914 animadvertisse
1492 2875 1705 2924 Mutuum,

260 2943 372 2980 posse
391 2932 517 2970 locum
533 2932 633 2972 bunc
650 2934 760 2971 alteri
772 2936 915 2984 opponi
929 2948 938 2972 z
953 2937 1092 2975 nullam
1105 2937 1206 2976 enim
1225 2936 1339 2986 hujus
1353 2937 1582 2976 mentionem
1599 2937 1706 2978 facit.
