<?xml version="1.0" encoding="UTF-8"?>
<!DOCTYPE html PUBLIC "-//W3C//DTD XHTML 1.0 Transitional//EN"
    "http://www.w3.org/TR/xhtml1/DTD/xhtml1-transitional.dtd">
<html xmlns="http://www.w3.org/1999/xhtml" xml:lang="en" lang="en">
 <head>
  <title>
</title>
<meta http-equiv="Content-Type" content="text/html;charset=utf-8" />
  <meta name='ocr-system' content='tesseract 3.04.00' />
  <meta name='ocr-capabilities' content='ocr_page ocr_carea ocr_par ocr_line ocrx_word'/>
</head>
<body>
  <div class='ocr_page' id='page_1' title='image "./oratoresatticie03dobs_0902.png"; bbox 0 0 1914 3314; ppageno 0'>
   <div class='ocr_carea' id='block_1_1' title="bbox 241 221 325 266">
    <p class='ocr_par' dir='ltr' id='par_1_1' title="bbox 241 221 325 266">
     <span class='ocr_line' id='line_1_1' title="bbox 241 221 325 266; baseline -0.012 0"><span class='ocrx_word' id='word_1_1' title='bbox 241 221 325 266; x_wconf 85' lang='grc'>880</span> 
     </span>
    </p>
   </div>
   <div class='ocr_carea' id='block_1_2' title="bbox 239 335 954 803">
    <p class='ocr_par' dir='ltr' id='par_1_2' title="bbox 242 335 954 536">
     <span class='ocr_line' id='line_1_2' title="bbox 285 335 909 376; baseline -0.002 -10"><span class='ocrx_word' id='word_1_2' title='bbox 285 336 404 374; x_wconf 86' lang='lat' dir='ltr'>primus</span> <span class='ocrx_word' id='word_1_3' title='bbox 421 335 557 376; x_wconf 75' lang='lat' dir='ltr'>sophista</span> <span class='ocrx_word' id='word_1_4' title='bbox 573 335 816 374; x_wconf 82' lang='lat' dir='ltr'>cognominatus.</span> <span class='ocrx_word' id='word_1_5' title='bbox 834 338 909 367; x_wconf 89' lang='lat'>668.</span> 
     </span>
     <span class='ocr_line' id='line_1_3' title="bbox 242 378 954 418; baseline 0 -10"><span class='ocrx_word' id='word_1_6' title='bbox 242 378 384 417; x_wconf 85' lang='lat' dir='ltr'>sopaeus,</span> <span class='ocrx_word' id='word_1_7' title='bbox 409 384 495 417; x_wconf 88' lang='lat' dir='ltr'>pater</span> <span class='ocrx_word' id='word_1_8' title='bbox 519 378 602 408; x_wconf 91' lang='lat' dir='ltr'>illius</span> <span class='ocrx_word' id='word_1_9' title='bbox 621 379 692 415; x_wconf 79' lang='lat' dir='ltr'>viri,</span> <span class='ocrx_word' id='word_1_10' title='bbox 714 380 765 418; x_wconf 90' lang='lat' dir='ltr'>qui</span> <span class='ocrx_word' id='word_1_11' title='bbox 789 390 820 409; x_wconf 87' lang='lat' dir='ltr'>se</span> <span class='ocrx_word' id='word_1_12' title='bbox 848 385 954 409; x_wconf 87' lang='lat' dir='ltr'>contra</span> 
     </span>
     <span class='ocr_line' id='line_1_4' title="bbox 284 421 953 460; baseline 0 -9"><span class='ocrx_word' id='word_1_13' title='bbox 284 422 447 451; x_wconf 89' lang='lat' dir='ltr'>Pasionem</span> <span class='ocrx_word' id='word_1_14' title='bbox 460 421 489 450; x_wconf 91' lang='lat' dir='ltr'>in</span> <span class='ocrx_word' id='word_1_15' title='bbox 504 421 702 460; x_wconf 87' lang='lat' dir='ltr'>Trapezitico</span> <span class='ocrx_word' id='word_1_16' title='bbox 715 422 862 452; x_wconf 81' lang='lat' dir='ltr'><strong>defendit.</strong></span> <span class='ocrx_word' id='word_1_17' title='bbox 878 425 953 453; x_wconf 87' lang='grc'>688.</span> 
     </span>
     <span class='ocr_line' id='line_1_5' title="bbox 282 464 953 504; baseline 0.001 -11"><span class='ocrx_word' id='word_1_18' title='bbox 282 464 314 493; x_wconf 89' lang='lat' dir='ltr'>in</span> <span class='ocrx_word' id='word_1_19' title='bbox 348 465 448 494; x_wconf 91' lang='lat' dir='ltr'>Ponto</span> <span class='ocrx_word' id='word_1_20' title='bbox 476 474 612 494; x_wconf 89' lang='lat' dir='ltr'>summus</span> <span class='ocrx_word' id='word_1_21' title='bbox 644 465 745 504; x_wconf 80' lang='lat' dir='ltr'>Satyri</span> <span class='ocrx_word' id='word_1_22' title='bbox 774 465 953 504; x_wconf 88' lang='lat' dir='ltr'>imperator.</span> 
     </span>
     <span class='ocr_line' id='line_1_6' title="bbox 285 506 461 536; baseline 0.006 -1"><span class='ocrx_word' id='word_1_23' title='bbox 285 506 362 536; x_wconf 86' lang='lat' dir='ltr'><strong>ibid.</strong></span> <span class='ocrx_word' id='word_1_24' title='bbox 458 510 461 511; x_wconf 69' lang='grc'>’</span> 
     </span>
    </p>

    <p class='ocr_par' dir='ltr' id='par_1_3' title="bbox 240 548 953 667">
     <span class='ocr_line' id='line_1_7' title="bbox 241 548 802 589; baseline 0.004 -11"><span class='ocrx_word' id='word_1_25' title='bbox 241 550 379 588; x_wconf 88' lang='lat' dir='ltr'>Sopolis,</span> <span class='ocrx_word' id='word_1_26' title='bbox 394 548 596 589; x_wconf 76' lang='lat' dir='ltr'>Thrasylochi</span> <span class='ocrx_word' id='word_1_27' title='bbox 610 549 714 580; x_wconf 77' lang='lat' dir='ltr'>frater.</span> <span class='ocrx_word' id='word_1_28' title='bbox 725 549 802 580; x_wconf 67' lang='lat'>725.</span> 
     </span>
     <span class='ocr_line' id='line_1_8' title="bbox 240 592 953 632; baseline 0 -10"><span class='ocrx_word' id='word_1_29' title='bbox 240 593 416 632; x_wconf 88' lang='lat' dir='ltr'>Spartiatae.</span> <span class='ocrx_word' id='word_1_30' title='bbox 429 595 504 624; x_wconf 79' lang='lat'>515.</span> <span class='ocrx_word' id='word_1_31' title='bbox 519 595 592 624; x_wconf 85' lang='lat'>516.</span> <span class='ocrx_word' id='word_1_32' title='bbox 617 603 721 623; x_wconf 90' lang='lat' dir='ltr'>eorum</span> <span class='ocrx_word' id='word_1_33' title='bbox 738 594 812 622; x_wconf 90' lang='lat' dir='ltr'>urbs</span> <span class='ocrx_word' id='word_1_34' title='bbox 828 592 953 632; x_wconf 86' lang='lat' dir='ltr'>antiqua</span> 
     </span>
     <span class='ocr_line' id='line_1_9' title="bbox 280 635 644 667; baseline 0.003 -3"><span class='ocrx_word' id='word_1_35' title='bbox 280 635 416 664; x_wconf 85' lang='lat' dir='ltr'>maxime</span> <span class='ocrx_word' id='word_1_36' title='bbox 434 640 550 665; x_wconf 81' lang='lat' dir='ltr'>servat.</span> <span class='ocrx_word' id='word_1_37' title='bbox 568 637 644 667; x_wconf 81' lang='lat'>479.</span> 
     </span>
    </p>

    <p class='ocr_par' dir='ltr' id='par_1_4' title="bbox 239 677 953 803">
     <span class='ocr_line' id='line_1_10' title="bbox 239 677 952 717; baseline 0 -11"><span class='ocrx_word' id='word_1_38' title='bbox 239 677 434 707; x_wconf 80' lang='lat' dir='ltr'><strong>Stesichorus</strong></span> <span class='ocrx_word' id='word_1_39' title='bbox 447 684 548 717; x_wconf 87' lang='lat' dir='ltr'>poeta,</span> <span class='ocrx_word' id='word_1_40' title='bbox 560 679 658 708; x_wconf 90' lang='lat' dir='ltr'>oculis</span> <span class='ocrx_word' id='word_1_41' title='bbox 669 678 819 717; x_wconf 79' lang='lat' dir='ltr'>privatuS,</span> <span class='ocrx_word' id='word_1_42' title='bbox 833 679 871 707; x_wconf 91' lang='lat' dir='ltr'>ob</span> <span class='ocrx_word' id='word_1_43' title='bbox 881 687 952 707; x_wconf 86' lang='lat' dir='ltr'>con-</span> 
     </span>
     <span class='ocr_line' id='line_1_11' title="bbox 281 720 953 760; baseline 0.003 -11"><span class='ocrx_word' id='word_1_44' title='bbox 281 721 394 750; x_wconf 83' lang='lat' dir='ltr'>vicium</span> <span class='ocrx_word' id='word_1_45' title='bbox 417 721 446 750; x_wconf 93' lang='lat' dir='ltr'>in</span> <span class='ocrx_word' id='word_1_46' title='bbox 469 721 624 760; x_wconf 88' lang='lat' dir='ltr'>principio</span> <span class='ocrx_word' id='word_1_47' title='bbox 645 721 786 751; x_wconf 84' lang='lat' dir='ltr'>carminis</span> <span class='ocrx_word' id='word_1_48' title='bbox 806 721 837 750; x_wconf 90' lang='lat' dir='ltr'>in</span> <span class='ocrx_word' id='word_1_49' title='bbox 855 720 953 751; x_wconf 86' lang='lat' dir='ltr'>Hele-</span> 
     </span>
     <span class='ocr_line' id='line_1_12' title="bbox 283 763 644 803; baseline 0.006 -11"><span class='ocrx_word' id='word_1_50' title='bbox 283 773 350 792; x_wconf 86' lang='lat' dir='ltr'>nam</span> <span class='ocrx_word' id='word_1_51' title='bbox 367 763 553 803; x_wconf 87' lang='lat' dir='ltr'>conjectum.</span> <span class='ocrx_word' id='word_1_52' title='bbox 569 766 607 799; x_wconf 68' lang='lat'>47</span> <span class='ocrx_word' id='word_1_53' title='bbox 615 766 644 794; x_wconf 87' lang='lat'>9.</span> 
     </span>
    </p>
   </div>
   <div class='ocr_carea' id='block_1_3' title="bbox 237 806 954 888">
    <p class='ocr_par' dir='ltr' id='par_1_5' title="bbox 237 806 954 888">
     <span class='ocr_line' id='line_1_13' title="bbox 238 806 511 837; baseline 0.007 -2"><span class='ocrx_word' id='word_1_54' title='bbox 238 806 418 835; x_wconf 79' lang='lat' dir='ltr'>Stratocles.</span> <span class='ocrx_word' id='word_1_55' title='bbox 436 808 511 837; x_wconf 86' lang='lat'>697.</span> 
     </span>
     <span class='ocr_line' id='line_1_14' title="bbox 237 848 954 888; baseline 0 -10"><span class='ocrx_word' id='word_1_56' title='bbox 237 849 442 887; x_wconf 79' lang='lat' dir='ltr'>Sycophantae</span> <span class='ocrx_word' id='word_1_57' title='bbox 465 849 545 888; x_wconf 79' lang='lat' dir='ltr'>apmi</span> <span class='ocrx_word' id='word_1_58' title='bbox 564 848 796 879; x_wconf 77' lang='lat' dir='ltr'><strong>Atheniensium</strong></span> <span class='ocrx_word' id='word_1_59' title='bbox 822 849 954 886; x_wconf 81' lang='lat' dir='ltr'>majores</span> 
     </span>
    </p>
   </div>
   <div class='ocr_carea' id='block_1_4' title="bbox 281 891 954 1096">
    <p class='ocr_par' dir='ltr' id='par_1_6' title="bbox 281 891 954 1096">
     <span class='ocr_line' id='line_1_15' title="bbox 281 891 953 931; baseline -0.001 -10"><span class='ocrx_word' id='word_1_60' title='bbox 281 892 449 930; x_wconf 83' lang='lat' dir='ltr'>ignominia</span> <span class='ocrx_word' id='word_1_61' title='bbox 464 892 586 931; x_wconf 64' lang='lat' dir='ltr'>zaffecti.</span> <span class='ocrx_word' id='word_1_62' title='bbox 606 895 680 922; x_wconf 89' lang='lat'><strong>668.</strong></span> <span class='ocrx_word' id='word_1_63' title='bbox 707 898 846 931; x_wconf 89' lang='lat' dir='ltr'>tempore</span> <span class='ocrx_word' id='word_1_64' title='bbox 861 891 953 920; x_wconf 83' lang='lat' dir='ltr'>orati-</span> 
     </span>
     <span class='ocr_line' id='line_1_16' title="bbox 282 934 953 972; baseline 0 -9"><span class='ocrx_word' id='word_1_65' title='bbox 282 935 350 963; x_wconf 83' lang='lat' dir='ltr'>onis</span> <span class='ocrx_word' id='word_1_66' title='bbox 367 935 405 964; x_wconf 89' lang='lat' dir='ltr'>de</span> <span class='ocrx_word' id='word_1_67' title='bbox 421 934 569 964; x_wconf 88' lang='lat' dir='ltr'>Antidosi</span> <span class='ocrx_word' id='word_1_68' title='bbox 585 940 795 965; x_wconf 68' lang='lat' dir='ltr'><strong>accusatorum</strong></span> <span class='ocrx_word' id='word_1_69' title='bbox 809 942 838 964; x_wconf 73' lang='lat' dir='ltr'>et</span> <span class='ocrx_word' id='word_1_70' title='bbox 855 934 953 972; x_wconf 86' lang='lat' dir='ltr'>legis-</span> 
     </span>
     <span class='ocr_line' id='line_1_17' title="bbox 281 977 953 1016; baseline 0 -10"><span class='ocrx_word' id='word_1_71' title='bbox 281 977 412 1007; x_wconf 88' lang='lat' dir='ltr'>latorum</span> <span class='ocrx_word' id='word_1_72' title='bbox 425 988 550 1007; x_wconf 86' lang='lat' dir='ltr'>munere</span> <span class='ocrx_word' id='word_1_73' title='bbox 567 979 647 1016; x_wconf 49' lang='lat' dir='ltr'>‘ap-ud</span> <span class='ocrx_word' id='word_1_74' title='bbox 662 978 869 1008; x_wconf 72' lang='lat' dir='ltr'>Athenienses</span> <span class='ocrx_word' id='word_1_75' title='bbox 884 977 953 1006; x_wconf 90' lang='lat' dir='ltr'>fun-</span> 
     </span>
     <span class='ocr_line' id='line_1_18' title="bbox 283 1020 954 1059; baseline 0.001 -11"><span class='ocrx_word' id='word_1_76' title='bbox 283 1022 443 1058; x_wconf 78' lang='lat' dir='ltr'>gebantur.</span> <span class='ocrx_word' id='word_1_77' title='bbox 459 1023 532 1051; x_wconf 79' lang='lat'>669.</span> <span class='ocrx_word' id='word_1_78' title='bbox 558 1022 669 1059; x_wconf 88' lang='lat' dir='ltr'>quibus</span> <span class='ocrx_word' id='word_1_79' title='bbox 687 1021 707 1051; x_wconf 94' lang='lat' dir='ltr'>ii</span> <span class='ocrx_word' id='word_1_80' title='bbox 731 1021 819 1051; x_wconf 83' lang='lat' dir='ltr'>matis</span> <span class='ocrx_word' id='word_1_81' title='bbox 845 1020 954 1050; x_wconf 83' lang='lat' dir='ltr'>civita-</span> 
     </span>
     <span class='ocr_line' id='line_1_19' title="bbox 283 1064 626 1096; baseline 0 -4"><span class='ocrx_word' id='word_1_82' title='bbox 283 1069 343 1095; x_wconf 78' lang='lat' dir='ltr'>tem</span> <span class='ocrx_word' id='word_1_83' title='bbox 361 1064 529 1094; x_wconf 79' lang='lat' dir='ltr'>affecerint.</span> <span class='ocrx_word' id='word_1_84' title='bbox 549 1064 626 1096; x_wconf 86' lang='lat' dir='ltr'>ibid.</span> 
     </span>
    </p>
   </div>
   <div class='ocr_carea' id='block_1_5' title="bbox 239 1106 766 1144">
    <p class='ocr_par' dir='ltr' id='par_1_7' title="bbox 239 1106 766 1144">
     <span class='ocr_line' id='line_1_20' title="bbox 239 1106 766 1144; baseline 0.002 -9"><span class='ocrx_word' id='word_1_85' title='bbox 239 1107 444 1144; x_wconf 84' lang='lat' dir='ltr'>Symmachici</span> <span class='ocrx_word' id='word_1_86' title='bbox 460 1106 674 1136; x_wconf 85' lang='lat' dir='ltr'>Summarium.</span> <span class='ocrx_word' id='word_1_87' title='bbox 690 1107 766 1136; x_wconf 85' lang='lat'>407.</span> 
     </span>
    </p>
   </div>
   <div class='ocr_carea' id='block_1_6' title="bbox 239 1147 954 1222">
    <p class='ocr_par' dir='ltr' id='par_1_8' title="bbox 239 1147 954 1222">
     <span class='ocr_line' id='line_1_21' title="bbox 239 1147 954 1222; baseline -0.001 -44"><span class='ocrx_word' id='word_1_88' title='bbox 239 1149 398 1222; x_wconf 60' lang='grc' dir='ltr'>ὃγὲειουείὶ</span> <span class='ocrx_word' id='word_1_89' title='bbox 420 1155 448 1178; x_wconf 89' lang='lat' dir='ltr'>et</span> <span class='ocrx_word' id='word_1_90' title='bbox 473 1151 633 1189; x_wconf 72' lang='lat' dir='ltr'>Syracusae</span> <span class='ocrx_word' id='word_1_91' title='bbox 655 1159 673 1179; x_wconf 88' lang='lat' dir='ltr'>a</span> <span class='ocrx_word' id='word_1_92' title='bbox 688 1148 838 1188; x_wconf 86' lang='lat' dir='ltr'>Dionysio</span> <span class='ocrx_word' id='word_1_93' title='bbox 862 1147 954 1188; x_wconf 85' lang='lat' dir='ltr'>capti.</span> 
     </span>
     <span class='ocr_line' id='line_1_22' title="bbox 306 1195 359 1222; baseline -0.038 0"><span class='ocrx_word' id='word_1_94' title='bbox 306 1195 359 1222; x_wconf 75' lang='lat'>41.</span> 
     </span>
    </p>
   </div>
   <div class='ocr_carea' id='block_1_7' title="bbox 576 1267 613 1297">
    <p class='ocr_par' dir='ltr' id='par_1_9' title="bbox 576 1267 613 1297">
     <span class='ocr_line' id='line_1_23' title="bbox 576 1267 613 1297; baseline 0 0"><span class='ocrx_word' id='word_1_95' title='bbox 576 1267 613 1297; x_wconf 91' lang='lat' dir='ltr'>T.</span> 
     </span>
    </p>
   </div>
   <div class='ocr_carea' id='block_1_8' title="bbox 239 1318 501 1357">
    <p class='ocr_par' dir='ltr' id='par_1_10' title="bbox 239 1318 501 1357">
     <span class='ocr_line' id='line_1_24' title="bbox 239 1318 501 1357; baseline -0.008 -9"><span class='ocrx_word' id='word_1_96' title='bbox 239 1318 411 1357; x_wconf 78' lang='lat' dir='ltr'>Tanagraei.</span> <span class='ocrx_word' id='word_1_97' title='bbox 426 1319 501 1349; x_wconf 82' lang='lat'>586.</span> 
     </span>
    </p>
   </div>
   <div class='ocr_carea' id='block_1_9' title="bbox 672 219 1270 264">
    <p class='ocr_par' dir='ltr' id='par_1_11' title="bbox 672 219 1270 264">
     <span class='ocr_line' id='line_1_25' title="bbox 672 219 1270 264; baseline -0.005 0"><span class='ocrx_word' id='word_1_98' title='bbox 672 221 871 264; x_wconf 90' lang='lat' dir='ltr'><strong>INDEX</strong></span> <span class='ocrx_word' id='word_1_99' title='bbox 903 219 1270 263; x_wconf 86' lang='lat' dir='ltr'>HISTORICUS</span> 
     </span>
    </p>
   </div>
   <div class='ocr_carea' id='block_1_10' title="bbox 1031 333 1701 1349">
    <p class='ocr_par' dir='ltr' id='par_1_12' title="bbox 1031 333 1701 1349">
     <span class='ocr_line' id='line_1_26' title="bbox 1032 333 1696 365; baseline 0 -1"><span class='ocrx_word' id='word_1_100' title='bbox 1032 345 1098 364; x_wconf 89' lang='lat' dir='ltr'>rare</span> <span class='ocrx_word' id='word_1_101' title='bbox 1123 339 1280 365; x_wconf 88' lang='lat' dir='ltr'>conentur.</span> <span class='ocrx_word' id='word_1_102' title='bbox 1304 335 1378 364; x_wconf 82' lang='lat'>306.</span> <span class='ocrx_word' id='word_1_103' title='bbox 1401 334 1540 363; x_wconf 84' lang='lat' dir='ltr'>Thebani</span> <span class='ocrx_word' id='word_1_104' title='bbox 1555 339 1585 364; x_wconf 90' lang='lat' dir='ltr'>et</span> <span class='ocrx_word' id='word_1_105' title='bbox 1598 333 1696 365; x_wconf 85' lang='lat' dir='ltr'>Athe·</span> 
     </span>
     <span class='ocr_line' id='line_1_27' title="bbox 1032 377 1695 416; baseline 0 -9"><span class='ocrx_word' id='word_1_106' title='bbox 1032 379 1152 407; x_wconf 87' lang='lat' dir='ltr'>nienses</span> <span class='ocrx_word' id='word_1_107' title='bbox 1175 383 1312 416; x_wconf 90' lang='lat' dir='ltr'>tempore</span> <span class='ocrx_word' id='word_1_108' title='bbox 1329 377 1507 407; x_wconf 85' lang='lat' dir='ltr'>Archidami</span> <span class='ocrx_word' id='word_1_109' title='bbox 1527 377 1695 416; x_wconf 75' lang='lat' dir='ltr'>principes.</span> 
     </span>
     <span class='ocr_line' id='line_1_28' title="bbox 1032 419 1698 460; baseline -0.002 -10"><span class='ocrx_word' id='word_1_110' title='bbox 1032 423 1109 451; x_wconf 82' lang='lat'>313.</span> <span class='ocrx_word' id='word_1_111' title='bbox 1133 425 1269 460; x_wconf 87' lang='lat' dir='ltr'>tempore</span> <span class='ocrx_word' id='word_1_112' title='bbox 1284 420 1490 459; x_wconf 85' lang='lat' dir='ltr'>Symmachici</span> <span class='ocrx_word' id='word_1_113' title='bbox 1503 419 1652 459; x_wconf 77' lang='lat' dir='ltr'>Thespias</span> <span class='ocrx_word' id='word_1_114' title='bbox 1666 425 1698 449; x_wconf 84' lang='lat' dir='ltr'>et</span> 
     </span>
     <span class='ocr_line' id='line_1_29' title="bbox 1033 462 1698 502; baseline -0.003 -10"><span class='ocrx_word' id='word_1_115' title='bbox 1033 463 1165 492; x_wconf 76' lang='lat' dir='ltr'>Ptataeas</span> <span class='ocrx_word' id='word_1_116' title='bbox 1174 469 1279 493; x_wconf 90' lang='lat' dir='ltr'>contra</span> <span class='ocrx_word' id='word_1_117' title='bbox 1290 469 1380 502; x_wconf 89' lang='lat' dir='ltr'>pacta</span> <span class='ocrx_word' id='word_1_118' title='bbox 1389 467 1503 491; x_wconf 81' lang='lat' dir='ltr'>tenent.</span> <span class='ocrx_word' id='word_1_119' title='bbox 1513 463 1586 492; x_wconf 87' lang='grc'>107.</span> <span class='ocrx_word' id='word_1_120' title='bbox 1602 462 1698 491; x_wconf 87' lang='lat' dir='ltr'>Athe·</span> 
     </span>
     <span class='ocr_line' id='line_1_30' title="bbox 1032 505 1697 544; baseline 0 -10"><span class='ocrx_word' id='word_1_121' title='bbox 1032 505 1156 535; x_wconf 84' lang='lat' dir='ltr'>nienses</span> <span class='ocrx_word' id='word_1_122' title='bbox 1173 511 1310 544; x_wconf 87' lang='lat' dir='ltr'>tempore</span> <span class='ocrx_word' id='word_1_123' title='bbox 1334 505 1536 544; x_wconf 84' lang='lat' dir='ltr'>Symmachici</span> <span class='ocrx_word' id='word_1_124' title='bbox 1562 509 1697 534; x_wconf 85' lang='lat' dir='ltr'>servant.</span> 
     </span>
     <span class='ocr_line' id='line_1_31' title="bbox 1031 547 1697 578; baseline -0.002 -1"><span class='ocrx_word' id='word_1_125' title='bbox 1031 550 1107 578; x_wconf 80' lang='lat'>417.</span> <span class='ocrx_word' id='word_1_126' title='bbox 1140 549 1387 578; x_wconf 76' lang='lat' dir='ltr'>Lacedaemonios</span> <span class='ocrx_word' id='word_1_127' title='bbox 1413 549 1450 577; x_wconf 92' lang='lat' dir='ltr'>ad</span> <span class='ocrx_word' id='word_1_128' title='bbox 1476 547 1607 577; x_wconf 80' lang='lat' dir='ltr'><strong>Leuctra</strong></span> <span class='ocrx_word' id='word_1_129' title='bbox 1629 547 1697 576; x_wconf 88' lang='lat' dir='ltr'>vin-</span> 
     </span>
     <span class='ocr_line' id='line_1_32' title="bbox 1032 589 1698 629; baseline -0.002 -10"><span class='ocrx_word' id='word_1_130' title='bbox 1032 596 1114 621; x_wconf 86' lang='lat' dir='ltr'>cunt.</span> <span class='ocrx_word' id='word_1_131' title='bbox 1132 591 1206 620; x_wconf 87' lang='lat' dir='ltr'>ibid.</span> <span class='ocrx_word' id='word_1_132' title='bbox 1232 597 1370 629; x_wconf 87' lang='lat' dir='ltr'>ternpore</span> <span class='ocrx_word' id='word_1_133' title='bbox 1386 590 1605 620; x_wconf 78' lang='lat' dir='ltr'>Panathenatci</span> <span class='ocrx_word' id='word_1_134' title='bbox 1623 589 1698 619; x_wconf 87' lang='lat' dir='ltr'>Per-</span> 
     </span>
     <span class='ocr_line' id='line_1_33' title="bbox 1032 633 1698 673; baseline 0 -11"><span class='ocrx_word' id='word_1_135' title='bbox 1032 644 1134 663; x_wconf 81' lang='lat' dir='ltr'><strong>sarum</strong></span> <span class='ocrx_word' id='word_1_136' title='bbox 1150 634 1215 673; x_wconf 83' lang='lat' dir='ltr'>regi</span> <span class='ocrx_word' id='word_1_137' title='bbox 1228 633 1257 663; x_wconf 90' lang='lat' dir='ltr'>in</span> <span class='ocrx_word' id='word_1_138' title='bbox 1272 633 1445 672; x_wconf 87' lang='lat' dir='ltr'>subigenda</span> <span class='ocrx_word' id='word_1_139' title='bbox 1456 633 1594 671; x_wconf 80' lang='lat' dir='ltr'>AEgypto</span> <span class='ocrx_word' id='word_1_140' title='bbox 1608 642 1698 671; x_wconf 86' lang='lat' dir='ltr'>opem</span> 
     </span>
     <span class='ocr_line' id='line_1_34' title="bbox 1031 676 1697 706; baseline -0.002 -1"><span class='ocrx_word' id='word_1_141' title='bbox 1031 676 1178 705; x_wconf 85' lang='lat' dir='ltr'>tulerunt.</span> <span class='ocrx_word' id='word_1_142' title='bbox 1206 678 1282 706; x_wconf 74' lang='lat'>543.</span> <span class='ocrx_word' id='word_1_143' title='bbox 1316 677 1450 705; x_wconf 90' lang='lat' dir='ltr'>Adrasto</span> <span class='ocrx_word' id='word_1_144' title='bbox 1480 676 1630 705; x_wconf 75' lang='lat' dir='ltr'>cadavera</span> <span class='ocrx_word' id='word_1_145' title='bbox 1659 676 1697 705; x_wconf 86' lang='lat' dir='ltr'>ad</span> 
     </span>
     <span class='ocr_line' id='line_1_35' title="bbox 1031 717 1700 748; baseline 0 -1"><span class='ocrx_word' id='word_1_146' title='bbox 1031 719 1195 748; x_wconf 88' lang='lat' dir='ltr'>Cadmeam</span> <span class='ocrx_word' id='word_1_147' title='bbox 1206 729 1353 748; x_wconf 86' lang='lat' dir='ltr'>caesorum</span> <span class='ocrx_word' id='word_1_148' title='bbox 1365 718 1590 748; x_wconf 78' lang='lat' dir='ltr'>reddunt.546.</span> <span class='ocrx_word' id='word_1_149' title='bbox 1600 717 1700 747; x_wconf 80' lang='lat' dir='ltr'>Athe-</span> 
     </span>
     <span class='ocr_line' id='line_1_36' title="bbox 1032 760 1701 801; baseline 0.001 -11"><span class='ocrx_word' id='word_1_150' title='bbox 1032 761 1184 791; x_wconf 84' lang='lat' dir='ltr'>niensium</span> <span class='ocrx_word' id='word_1_151' title='bbox 1210 760 1349 801; x_wconf 85' lang='lat' dir='ltr'>perpetui</span> <span class='ocrx_word' id='word_1_152' title='bbox 1373 761 1487 790; x_wconf 88' lang='lat' dir='ltr'>hostes.</span> <span class='ocrx_word' id='word_1_153' title='bbox 1511 762 1587 791; x_wconf 81' lang='lat'>585.</span> <span class='ocrx_word' id='word_1_154' title='bbox 1618 760 1701 791; x_wconf 79' lang='lat' dir='ltr'>&#39;rhe-</span> 
     </span>
     <span class='ocr_line' id='line_1_37' title="bbox 1033 803 1700 842; baseline 0.001 -9"><span class='ocrx_word' id='word_1_155' title='bbox 1033 805 1173 842; x_wconf 84' lang='lat' dir='ltr'>spienses</span> <span class='ocrx_word' id='word_1_156' title='bbox 1189 809 1219 833; x_wconf 90' lang='lat' dir='ltr'>et</span> <span class='ocrx_word' id='word_1_157' title='bbox 1234 805 1417 842; x_wconf 85' lang='lat' dir='ltr'>Tanagraeos</span> <span class='ocrx_word' id='word_1_158' title='bbox 1438 808 1606 842; x_wconf 83' lang='lat' dir='ltr'>coegerunt</span> <span class='ocrx_word' id='word_1_159' title='bbox 1619 803 1700 834; x_wconf 80' lang='lat' dir='ltr'>The-</span> 
     </span>
     <span class='ocr_line' id='line_1_38' title="bbox 1032 846 1699 885; baseline 0 -9"><span class='ocrx_word' id='word_1_160' title='bbox 1032 848 1087 876; x_wconf 85' lang='lat' dir='ltr'>bas</span> <span class='ocrx_word' id='word_1_161' title='bbox 1117 847 1322 877; x_wconf 78' lang='lat' dir='ltr'><strong>contribuere.</strong></span> <span class='ocrx_word' id='word_1_162' title='bbox 1345 848 1421 877; x_wconf 85' lang='lat'>586.</span> <span class='ocrx_word' id='word_1_163' title='bbox 1452 856 1556 876; x_wconf 87' lang='lat' dir='ltr'>eorum</span> <span class='ocrx_word' id='word_1_164' title='bbox 1582 846 1699 885; x_wconf 78' lang='lat' dir='ltr'>injusta</span> 
     </span>
     <span class='ocr_line' id='line_1_39' title="bbox 1032 888 1699 920; baseline 0 -1"><span class='ocrx_word' id='word_1_165' title='bbox 1032 890 1212 920; x_wconf 74' lang='lat' dir='ltr'>dominatio.</span> <span class='ocrx_word' id='word_1_166' title='bbox 1229 893 1304 920; x_wconf 84' lang='grc'>588.</span> <span class='ocrx_word' id='word_1_167' title='bbox 1335 889 1416 919; x_wconf 91' lang='lat' dir='ltr'>bello</span> <span class='ocrx_word' id='word_1_168' title='bbox 1442 888 1638 919; x_wconf 75' lang='lat' dir='ltr'>Corinthiaco</span> <span class='ocrx_word' id='word_1_169' title='bbox 1660 890 1699 919; x_wconf 81' lang='lat' dir='ltr'>ab</span> 
     </span>
     <span class='ocr_line' id='line_1_40' title="bbox 1032 931 1699 962; baseline 0.001 -1"><span class='ocrx_word' id='word_1_170' title='bbox 1032 932 1274 962; x_wconf 63' lang='lat' dir='ltr'>Atheniensibus</span> <span class='ocrx_word' id='word_1_171' title='bbox 1309 936 1417 962; x_wconf 88' lang='lat' dir='ltr'>contra</span> <span class='ocrx_word' id='word_1_172' title='bbox 1452 931 1699 962; x_wconf 75' lang='lat' dir='ltr'>Lacedaemonios</span> 
     </span>
     <span class='ocr_line' id='line_1_41' title="bbox 1032 975 1698 1013; baseline 0 -8"><span class='ocrx_word' id='word_1_173' title='bbox 1032 976 1241 1006; x_wconf 82' lang='lat' dir='ltr'>servati.589.</span> <span class='ocrx_word' id='word_1_174' title='bbox 1259 976 1354 1005; x_wconf 85' lang='lat' dir='ltr'>totius</span> <span class='ocrx_word' id='word_1_175' title='bbox 1368 975 1498 1004; x_wconf 85' lang='lat' dir='ltr'>Graeciae</span> <span class='ocrx_word' id='word_1_176' title='bbox 1510 975 1698 1013; x_wconf 69' lang='lat' dir='ltr'>proditores.</span> 
     </span>
     <span class='ocr_line' id='line_1_42' title="bbox 1032 1018 1700 1056; baseline -0.003 -7"><span class='ocrx_word' id='word_1_177' title='bbox 1032 1021 1108 1050; x_wconf 86' lang='lat'>590.</span> <span class='ocrx_word' id='word_1_178' title='bbox 1131 1018 1373 1048; x_wconf 76' lang='lat' dir='ltr'>Lacedaemoniis</span> <span class='ocrx_word' id='word_1_179' title='bbox 1399 1019 1464 1048; x_wconf 84' lang='lat' dir='ltr'>sere</span> <span class='ocrx_word' id='word_1_180' title='bbox 1491 1027 1612 1056; x_wconf 85' lang='lat' dir='ltr'>semper</span> <span class='ocrx_word' id='word_1_181' title='bbox 1635 1028 1700 1047; x_wconf 88' lang='lat' dir='ltr'>ser-</span> 
     </span>
     <span class='ocr_line' id='line_1_43' title="bbox 1033 1060 1700 1092; baseline -0.001 -2"><span class='ocrx_word' id='word_1_182' title='bbox 1033 1062 1162 1091; x_wconf 71' lang='lat' dir='ltr'>vientes.</span> <span class='ocrx_word' id='word_1_183' title='bbox 1180 1062 1258 1092; x_wconf 88' lang='lat' dir='ltr'>ibid.</span> <span class='ocrx_word' id='word_1_184' title='bbox 1281 1062 1310 1090; x_wconf 91' lang='lat' dir='ltr'>in</span> <span class='ocrx_word' id='word_1_185' title='bbox 1327 1061 1409 1091; x_wconf 91' lang='lat' dir='ltr'>bello</span> <span class='ocrx_word' id='word_1_186' title='bbox 1427 1061 1589 1090; x_wconf 83' lang='lat' dir='ltr'>Deceliaco</span> <span class='ocrx_word' id='word_1_187' title='bbox 1600 1060 1700 1090; x_wconf 90' lang='lat' dir='ltr'>Athe-</span> 
     </span>
     <span class='ocr_line' id='line_1_44' title="bbox 1032 1103 1698 1142; baseline 0 -9"><span class='ocrx_word' id='word_1_188' title='bbox 1032 1104 1153 1134; x_wconf 87' lang='lat' dir='ltr'>nienses</span> <span class='ocrx_word' id='word_1_189' title='bbox 1177 1105 1282 1134; x_wconf 89' lang='lat' dir='ltr'>multis</span> <span class='ocrx_word' id='word_1_190' title='bbox 1305 1104 1393 1142; x_wconf 85' lang='lat' dir='ltr'>malis</span> <span class='ocrx_word' id='word_1_191' title='bbox 1418 1104 1598 1133; x_wconf 78' lang='lat' dir='ltr'>affecerunt.</span> <span class='ocrx_word' id='word_1_192' title='bbox 1619 1103 1698 1133; x_wconf 86' lang='lat' dir='ltr'>ibid.</span> 
     </span>
     <span class='ocr_line' id='line_1_45' title="bbox 1033 1147 1699 1176; baseline -0.002 0"><span class='ocrx_word' id='word_1_193' title='bbox 1033 1147 1091 1176; x_wconf 90' lang='lat' dir='ltr'>soli</span> <span class='ocrx_word' id='word_1_194' title='bbox 1130 1148 1292 1176; x_wconf 83' lang='lat' dir='ltr'>consilium</span> <span class='ocrx_word' id='word_1_195' title='bbox 1330 1147 1483 1176; x_wconf 84' lang='lat' dir='ltr'>dederunt</span> <span class='ocrx_word' id='word_1_196' title='bbox 1511 1147 1699 1176; x_wconf 84' lang='lat' dir='ltr'>Athenarum</span> 
     </span>
     <span class='ocr_line' id='line_1_46' title="bbox 1032 1189 1700 1228; baseline 0 -10"><span class='ocrx_word' id='word_1_197' title='bbox 1032 1191 1266 1219; x_wconf 80' lang='lat' dir='ltr'>evertendarum</span> <span class='ocrx_word' id='word_1_198' title='bbox 1281 1190 1370 1228; x_wconf 76' lang='lat' dir='ltr'>(post</span> <span class='ocrx_word' id='word_1_199' title='bbox 1383 1190 1500 1219; x_wconf 80' lang='lat' dir='ltr'>cladem</span> <span class='ocrx_word' id='word_1_200' title='bbox 1512 1189 1700 1228; x_wconf 75' lang='lat' dir='ltr'>Hellespon-</span> 
     </span>
     <span class='ocr_line' id='line_1_47' title="bbox 1033 1231 1699 1272; baseline 0 -12"><span class='ocrx_word' id='word_1_201' title='bbox 1033 1233 1154 1272; x_wconf 83' lang='lat' dir='ltr'>ticam).</span> <span class='ocrx_word' id='word_1_202' title='bbox 1180 1233 1256 1261; x_wconf 90' lang='lat' dir='ltr'>ibid.</span> <span class='ocrx_word' id='word_1_203' title='bbox 1288 1238 1427 1270; x_wconf 86' lang='lat' dir='ltr'>tempore</span> <span class='ocrx_word' id='word_1_204' title='bbox 1451 1231 1581 1261; x_wconf 82' lang='lat' dir='ltr'>Plataici</span> <span class='ocrx_word' id='word_1_205' title='bbox 1603 1232 1699 1261; x_wconf 80' lang='lat' dir='ltr'>Athe-</span> 
     </span>
     <span class='ocr_line' id='line_1_48' title="bbox 1034 1274 1701 1304; baseline 0.003 -2"><span class='ocrx_word' id='word_1_206' title='bbox 1034 1275 1183 1303; x_wconf 85' lang='lat' dir='ltr'>niensium</span> <span class='ocrx_word' id='word_1_207' title='bbox 1201 1274 1288 1303; x_wconf 86' lang='lat' dir='ltr'>socii.</span> <span class='ocrx_word' id='word_1_208' title='bbox 1304 1276 1379 1304; x_wconf 83' lang='lat'>591.</span> <span class='ocrx_word' id='word_1_209' title='bbox 1405 1284 1509 1303; x_wconf 88' lang='lat' dir='ltr'>eorum</span> <span class='ocrx_word' id='word_1_210' title='bbox 1528 1274 1701 1304; x_wconf 77' lang='lat' dir='ltr'>miseranda</span> 
     </span>
     <span class='ocr_line' id='line_1_49' title="bbox 1032 1317 1269 1349; baseline 0.004 -4"><span class='ocrx_word' id='word_1_211' title='bbox 1032 1317 1181 1349; x_wconf 83' lang='lat' dir='ltr'>conditio.</span> <span class='ocrx_word' id='word_1_212' title='bbox 1194 1317 1269 1347; x_wconf 87' lang='lat' dir='ltr'>ibid.</span> 
     </span>
    </p>
   </div>
   <div class='ocr_carea' id='block_1_11' title="bbox 238 1351 1703 1400">
    <p class='ocr_par' dir='ltr' id='par_1_13' title="bbox 238 1351 1703 1400">
     <span class='ocr_line' id='line_1_50' title="bbox 238 1351 1703 1400; baseline -0.001 -9"><span class='ocrx_word' id='word_1_213' title='bbox 238 1362 356 1392; x_wconf 69' lang='lat' dir='ltr'>Tantali</span> <span class='ocrx_word' id='word_1_214' title='bbox 375 1373 450 1400; x_wconf 87' lang='lat' dir='ltr'>opes</span> <span class='ocrx_word' id='word_1_215' title='bbox 467 1371 555 1391; x_wconf 92' lang='lat' dir='ltr'>nemo</span> <span class='ocrx_word' id='word_1_216' title='bbox 571 1359 716 1390; x_wconf 88' lang='lat' dir='ltr'>laudibus</span> <span class='ocrx_word' id='word_1_217' title='bbox 733 1358 863 1389; x_wconf 87' lang='lat' dir='ltr'>ornavit.</span> <span class='ocrx_word' id='word_1_218' title='bbox 880 1359 956 1389; x_wconf 68' lang='lat'>289.</span> <span class='ocrx_word' id='word_1_219' title='bbox 988 1359 1226 1395; x_wconf 81' lang='lat' dir='ltr'>Themistocles,</span> <span class='ocrx_word' id='word_1_220' title='bbox 1239 1351 1469 1389; x_wconf 72' lang='lat' dir='ltr'>Atheniensium</span> <span class='ocrx_word' id='word_1_221' title='bbox 1482 1359 1560 1394; x_wconf 71' lang='lat' dir='ltr'>duX,</span> <span class='ocrx_word' id='word_1_222' title='bbox 1573 1358 1602 1388; x_wconf 92' lang='lat' dir='ltr'>in</span> <span class='ocrx_word' id='word_1_223' title='bbox 1617 1369 1703 1398; x_wconf 87' lang='lat' dir='ltr'>proe-</span> 
     </span>
    </p>
   </div>
   <div class='ocr_carea' id='block_1_12' title="bbox 282 1404 731 1443">
    <p class='ocr_par' dir='ltr' id='par_1_14' title="bbox 282 1404 731 1443">
     <span class='ocr_line' id='line_1_51' title="bbox 282 1404 731 1443; baseline -0.002 -8"><span class='ocrx_word' id='word_1_224' title='bbox 282 1405 404 1435; x_wconf 86' lang='lat' dir='ltr'>Tantali</span> <span class='ocrx_word' id='word_1_225' title='bbox 420 1405 499 1434; x_wconf 81' lang='lat' dir='ltr'>tilius</span> <span class='ocrx_word' id='word_1_226' title='bbox 513 1404 639 1443; x_wconf 88' lang='lat' dir='ltr'>Pelops.</span> <span class='ocrx_word' id='word_1_227' title='bbox 655 1406 731 1435; x_wconf 83' lang='lat'>480.</span> 
     </span>
    </p>
   </div>
   <div class='ocr_carea' id='block_1_13' title="bbox 240 1448 485 1478">
    <p class='ocr_par' dir='ltr' id='par_1_15' title="bbox 240 1448 485 1478">
     <span class='ocr_line' id='line_1_52' title="bbox 240 1448 485 1478; baseline -0.004 -1"><span class='ocrx_word' id='word_1_228' title='bbox 240 1448 397 1478; x_wconf 81' lang='lat' dir='ltr'>Telamon.</span> <span class='ocrx_word' id='word_1_229' title='bbox 411 1451 485 1478; x_wconf 78' lang='lat'>444.</span> 
     </span>
    </p>
   </div>
   <div class='ocr_carea' id='block_1_14' title="bbox 239 1486 956 1616">
    <p class='ocr_par' dir='ltr' id='par_1_16' title="bbox 239 1486 956 1616">
     <span class='ocr_line' id='line_1_53' title="bbox 239 1486 956 1529; baseline -0.007 -9"><span class='ocrx_word' id='word_1_230' title='bbox 239 1492 360 1521; x_wconf 85' lang='lat' dir='ltr'>Teucer</span> <span class='ocrx_word' id='word_1_231' title='bbox 373 1490 513 1520; x_wconf 82' lang='lat' dir='ltr'>Nicoclei</span> <span class='ocrx_word' id='word_1_232' title='bbox 526 1489 645 1529; x_wconf 82' lang='lat' dir='ltr'>generis</span> <span class='ocrx_word' id='word_1_233' title='bbox 661 1493 779 1523; x_wconf 87' lang='lat' dir='ltr'>auctor,</span> <span class='ocrx_word' id='word_1_234' title='bbox 795 1486 956 1517; x_wconf 81' lang='lat' dir='ltr'>Salaminis</span> 
     </span>
     <span class='ocr_line' id='line_1_54' title="bbox 284 1533 733 1573; baseline -0.002 -10"><span class='ocrx_word' id='word_1_235' title='bbox 284 1534 315 1563; x_wconf 90' lang='lat' dir='ltr'>in</span> <span class='ocrx_word' id='word_1_236' title='bbox 346 1535 450 1573; x_wconf 77' lang='lat' dir='ltr'>Cypro</span> <span class='ocrx_word' id='word_1_237' title='bbox 478 1533 628 1562; x_wconf 86' lang='lat' dir='ltr'>conditor.</span> <span class='ocrx_word' id='word_1_238' title='bbox 659 1534 733 1562; x_wconf 78' lang='lat'>143.</span> 
     </span>
     <span class='ocr_line' id='line_1_55' title="bbox 285 1573 955 1616; baseline -0.007 -10"><span class='ocrx_word' id='word_1_239' title='bbox 285 1577 377 1616; x_wconf 75' lang='lat' dir='ltr'>fitius,</span> <span class='ocrx_word' id='word_1_240' title='bbox 393 1576 499 1615; x_wconf 82' lang='lat' dir='ltr'>Ajacis</span> <span class='ocrx_word' id='word_1_241' title='bbox 517 1576 618 1604; x_wconf 81' lang='lat' dir='ltr'>frater.</span> <span class='ocrx_word' id='word_1_242' title='bbox 635 1577 708 1606; x_wconf 76' lang='lat'>445.</span> <span class='ocrx_word' id='word_1_243' title='bbox 743 1573 815 1603; x_wconf 81' lang='lat' dir='ltr'>belli</span> <span class='ocrx_word' id='word_1_244' title='bbox 830 1573 955 1612; x_wconf 83' lang='lat' dir='ltr'>Trojani</span> 
     </span>
    </p>
   </div>
   <div class='ocr_carea' id='block_1_15' title="bbox 968 1402 1697 1438">
    <p class='ocr_par' dir='ltr' id='par_1_17' title="bbox 968 1402 1697 1438">
     <span class='ocr_line' id='line_1_56' title="bbox 968 1402 1697 1438; baseline 0.001 -7"><span class='ocrx_word' id='word_1_245' title='bbox 968 1428 997 1437; x_wconf 35' lang='grc' dir='ltr'>Χ</span> <span class='ocrx_word' id='word_1_246' title='bbox 1033 1403 1076 1431; x_wconf 92' lang='lat' dir='ltr'>lio</span> <span class='ocrx_word' id='word_1_247' title='bbox 1097 1403 1198 1432; x_wconf 85' lang='lat' dir='ltr'>navali</span> <span class='ocrx_word' id='word_1_248' title='bbox 1223 1404 1374 1432; x_wconf 76' lang='lat' dir='ltr'>adversus</span> <span class='ocrx_word' id='word_1_249' title='bbox 1400 1403 1555 1438; x_wconf 85' lang='lat' dir='ltr'>Xerxem,</span> <span class='ocrx_word' id='word_1_250' title='bbox 1572 1402 1697 1432; x_wconf 84' lang='lat' dir='ltr'>Graecos</span> 
     </span>
    </p>
   </div>
   <div class='ocr_carea' id='block_1_16' title="bbox 1031 1445 1700 1526">
    <p class='ocr_par' dir='ltr' id='par_1_18' title="bbox 1031 1445 1700 1526">
     <span class='ocr_line' id='line_1_57' title="bbox 1031 1445 1700 1484; baseline 0 -10"><span class='ocrx_word' id='word_1_251' title='bbox 1031 1455 1109 1475; x_wconf 90' lang='lat' dir='ltr'>unus</span> <span class='ocrx_word' id='word_1_252' title='bbox 1135 1447 1282 1476; x_wconf 85' lang='lat' dir='ltr'>servavit.</span> <span class='ocrx_word' id='word_1_253' title='bbox 1306 1447 1380 1476; x_wconf 87' lang='lat'>516.</span> <span class='ocrx_word' id='word_1_254' title='bbox 1411 1455 1429 1474; x_wconf 91' lang='lat' dir='ltr'>a</span> <span class='ocrx_word' id='word_1_255' title='bbox 1450 1445 1556 1474; x_wconf 82' lang='lat' dir='ltr'>Persis</span> <span class='ocrx_word' id='word_1_256' title='bbox 1580 1445 1700 1484; x_wconf 88' lang='lat' dir='ltr'>magnis</span> 
     </span>
     <span class='ocr_line' id='line_1_58' title="bbox 1032 1489 1457 1526; baseline 0 -9"><span class='ocrx_word' id='word_1_257' title='bbox 1032 1489 1167 1526; x_wconf 69' lang='lat' dir='ltr'>praemiis</span> <span class='ocrx_word' id='word_1_258' title='bbox 1185 1490 1367 1519; x_wconf 60' lang='lat' dir='ltr'>cumulatus</span> <span class='ocrx_word' id='word_1_259' title='bbox 1383 1489 1457 1519; x_wconf 71' lang='lat'>233.</span> 
     </span>
    </p>
   </div>
   <div class='ocr_carea' id='block_1_17' title="bbox 781 1529 1701 1572">
    <p class='ocr_par' dir='ltr' id='par_1_19' title="bbox 781 1529 1701 1572">
     <span class='ocr_line' id='line_1_59' title="bbox 781 1529 1701 1572; baseline 0 -12"><span class='ocrx_word' id='word_1_260' title='bbox 781 1530 956 1560; x_wconf 85' lang='lat' dir='ltr'>Telamonis</span> <span class='ocrx_word' id='word_1_261' title='bbox 988 1531 1145 1570; x_wconf 83' lang='lat' dir='ltr'>Theognis</span> <span class='ocrx_word' id='word_1_262' title='bbox 1161 1533 1297 1572; x_wconf 81' lang='lat' dir='ltr'>optimus</span> <span class='ocrx_word' id='word_1_263' title='bbox 1314 1532 1386 1561; x_wconf 84' lang='lat' dir='ltr'>vitae</span> <span class='ocrx_word' id='word_1_264' title='bbox 1402 1532 1539 1560; x_wconf 88' lang='lat' dir='ltr'>hnmanae</span> <span class='ocrx_word' id='word_1_265' title='bbox 1554 1529 1701 1560; x_wconf 79' lang='lat' dir='ltr'>consilia-</span> 
     </span>
    </p>
   </div>
   <div class='ocr_carea' id='block_1_18' title="bbox 1034 1574 1200 1605">
    <p class='ocr_par' dir='ltr' id='par_1_20' title="bbox 1034 1574 1200 1605">
     <span class='ocr_line' id='line_1_60' title="bbox 1034 1574 1200 1605; baseline 0.006 -2"><span class='ocrx_word' id='word_1_266' title='bbox 1034 1574 1108 1603; x_wconf 86' lang='lat' dir='ltr'>rius.</span> <span class='ocrx_word' id='word_1_267' title='bbox 1126 1577 1200 1605; x_wconf 80' lang='lat'>130.</span> 
     </span>
    </p>
   </div>
   <div class='ocr_carea' id='block_1_19' title="bbox 285 1616 1700 1659">
    <p class='ocr_par' dir='ltr' id='par_1_21' title="bbox 285 1616 1700 1659">
     <span class='ocr_line' id='line_1_61' title="bbox 285 1616 1700 1659; baseline -0.001 -10"><span class='ocrx_word' id='word_1_268' title='bbox 285 1620 451 1659; x_wconf 73' lang='lat' dir='ltr'>particeps.</span> <span class='ocrx_word' id='word_1_269' title='bbox 465 1618 539 1648; x_wconf 87' lang='lat' dir='ltr'>ibid.</span> <span class='ocrx_word' id='word_1_270' title='bbox 569 1619 660 1657; x_wconf 79' lang='lat' dir='ltr'>Troja</span> <span class='ocrx_word' id='word_1_271' title='bbox 677 1622 852 1657; x_wconf 78' lang='lat' dir='ltr'>expugnata</span> <span class='ocrx_word' id='word_1_272' title='bbox 869 1617 955 1646; x_wconf 85' lang='lat' dir='ltr'>Sala·</span> <span class='ocrx_word' id='word_1_273' title='bbox 989 1617 1100 1646; x_wconf 82' lang='lat' dir='ltr'>Thesei</span> <span class='ocrx_word' id='word_1_274' title='bbox 1125 1618 1222 1647; x_wconf 80' lang='lat' dir='ltr'>virtus</span> <span class='ocrx_word' id='word_1_275' title='bbox 1239 1627 1256 1646; x_wconf 90' lang='lat' dir='ltr'>a</span> <span class='ocrx_word' id='word_1_276' title='bbox 1270 1617 1374 1646; x_wconf 87' lang='lat' dir='ltr'>multis</span> <span class='ocrx_word' id='word_1_277' title='bbox 1395 1616 1520 1647; x_wconf 86' lang='lat' dir='ltr'>laudata</span> <span class='ocrx_word' id='word_1_278' title='bbox 1542 1620 1601 1646; x_wconf 85' lang='lat' dir='ltr'>est.</span> <span class='ocrx_word' id='word_1_279' title='bbox 1625 1618 1700 1648; x_wconf 73' lang='lat'>289.</span> 
     </span>
    </p>
   </div>
   <div class='ocr_carea' id='block_1_20' title="bbox 285 1661 588 1692">
    <p class='ocr_par' dir='ltr' id='par_1_22' title="bbox 285 1661 588 1692">
     <span class='ocr_line' id='line_1_62' title="bbox 285 1661 588 1692; baseline -0.007 0"><span class='ocrx_word' id='word_1_280' title='bbox 285 1663 366 1692; x_wconf 86' lang='lat' dir='ltr'>mina</span> <span class='ocrx_word' id='word_1_281' title='bbox 381 1662 498 1692; x_wconf 82' lang='lat' dir='ltr'>condit.</span> <span class='ocrx_word' id='word_1_282' title='bbox 512 1661 588 1691; x_wconf 90' lang='lat' dir='ltr'>ibid.</span> 
     </span>
    </p>
   </div>
   <div class='ocr_carea' id='block_1_21' title="bbox 239 1702 954 1736">
    <p class='ocr_par' dir='ltr' id='par_1_23' title="bbox 239 1702 954 1736">
     <span class='ocr_line' id='line_1_63' title="bbox 239 1702 954 1736; baseline -0.007 0"><span class='ocrx_word' id='word_1_283' title='bbox 239 1706 452 1736; x_wconf 84' lang='lat' dir='ltr'>Thebanorum</span> <span class='ocrx_word' id='word_1_284' title='bbox 466 1704 622 1734; x_wconf 86' lang='lat' dir='ltr'>civitatem</span> <span class='ocrx_word' id='word_1_285' title='bbox 636 1702 891 1733; x_wconf 83' lang='lat' dir='ltr'>reconciliandam</span> <span class='ocrx_word' id='word_1_286' title='bbox 905 1712 954 1732; x_wconf 85' lang='lat' dir='ltr'>es-</span> 
     </span>
    </p>
   </div>
   <div class='ocr_carea' id='block_1_22' title="bbox 287 1745 959 3075">
    <p class='ocr_par' dir='ltr' id='par_1_24' title="bbox 287 1745 959 3075">
     <span class='ocr_line' id='line_1_64' title="bbox 289 1745 955 1788; baseline -0.008 -10"><span class='ocrx_word' id='word_1_287' title='bbox 289 1760 334 1784; x_wconf 91' lang='lat' dir='ltr'>se,</span> <span class='ocrx_word' id='word_1_288' title='bbox 351 1749 388 1778; x_wconf 90' lang='lat' dir='ltr'>ad</span> <span class='ocrx_word' id='word_1_289' title='bbox 406 1754 535 1788; x_wconf 84' lang='lat' dir='ltr'>quatuor</span> <span class='ocrx_word' id='word_1_290' title='bbox 552 1747 712 1786; x_wconf 89' lang='lat' dir='ltr'>primarias</span> <span class='ocrx_word' id='word_1_291' title='bbox 724 1745 868 1775; x_wconf 77' lang='lat' dir='ltr'>civitates</span> <span class='ocrx_word' id='word_1_292' title='bbox 885 1755 955 1783; x_wconf 88' lang='lat' dir='ltr'>per·</span> 
     </span>
     <span class='ocr_line' id='line_1_65' title="bbox 289 1787 956 1822; baseline -0.009 0"><span class='ocrx_word' id='word_1_293' title='bbox 289 1793 448 1822; x_wconf 88' lang='lat' dir='ltr'>tinentem.</span> <span class='ocrx_word' id='word_1_294' title='bbox 458 1793 532 1821; x_wconf 66' lang='lat'>261.</span> <span class='ocrx_word' id='word_1_295' title='bbox 547 1790 685 1819; x_wconf 89' lang='lat' dir='ltr'>Thebani</span> <span class='ocrx_word' id='word_1_296' title='bbox 696 1788 874 1822; x_wconf 83' lang='lat' dir='ltr'>Herculem,</span> <span class='ocrx_word' id='word_1_297' title='bbox 887 1787 956 1817; x_wconf 86' lang='lat' dir='ltr'>Phi-</span> 
     </span>
     <span class='ocr_line' id='line_1_66' title="bbox 287 1830 955 1874; baseline -0.007 -10"><span class='ocrx_word' id='word_1_298' title='bbox 287 1835 396 1874; x_wconf 87' lang='lat' dir='ltr'>lippici</span> <span class='ocrx_word' id='word_1_299' title='bbox 420 1833 540 1872; x_wconf 71' lang='lat' dir='ltr'>generis</span> <span class='ocrx_word' id='word_1_300' title='bbox 563 1838 729 1868; x_wconf 86' lang='lat' dir='ltr'>auctorem,</span> <span class='ocrx_word' id='word_1_301' title='bbox 744 1831 887 1870; x_wconf 89' lang='lat' dir='ltr'>inprimis</span> <span class='ocrx_word' id='word_1_302' title='bbox 904 1830 955 1860; x_wconf 88' lang='lat' dir='ltr'>co&#39;-</span> 
     </span>
     <span class='ocr_line' id='line_1_67' title="bbox 288 1873 956 1915; baseline -0.009 -7"><span class='ocrx_word' id='word_1_303' title='bbox 288 1879 367 1909; x_wconf 88' lang='lat' dir='ltr'>lunt.</span> <span class='ocrx_word' id='word_1_304' title='bbox 387 1878 462 1907; x_wconf 90' lang='lat' dir='ltr'>ibid.</span> <span class='ocrx_word' id='word_1_305' title='bbox 492 1876 612 1915; x_wconf 87' lang='lat' dir='ltr'>quantis</span> <span class='ocrx_word' id='word_1_306' title='bbox 637 1876 727 1905; x_wconf 88' lang='lat' dir='ltr'>malis</span> <span class='ocrx_word' id='word_1_307' title='bbox 750 1873 956 1904; x_wconf 84' lang='lat' dir='ltr'>Athenienses</span> 
     </span>
     <span class='ocr_line' id='line_1_68' title="bbox 290 1915 957 1958; baseline -0.009 -7"><span class='ocrx_word' id='word_1_308' title='bbox 290 1921 431 1951; x_wconf 85' lang='lat' dir='ltr'>afficiant.</span> <span class='ocrx_word' id='word_1_309' title='bbox 455 1921 528 1950; x_wconf 74' lang='lat'>263.</span> <span class='ocrx_word' id='word_1_310' title='bbox 557 1920 697 1958; x_wconf 75' lang='lat' dir='ltr'>Spartam</span> <span class='ocrx_word' id='word_1_311' title='bbox 719 1928 787 1947; x_wconf 90' lang='lat' dir='ltr'>cum</span> <span class='ocrx_word' id='word_1_312' title='bbox 806 1915 957 1955; x_wconf 84' lang='lat' dir='ltr'>Pelopon-</span> 
     </span>
     <span class='ocr_line' id='line_1_69' title="bbox 289 1961 956 1994; baseline -0.009 0"><span class='ocrx_word' id='word_1_313' title='bbox 289 1965 385 1994; x_wconf 85' lang='lat' dir='ltr'>nesiis</span> <span class='ocrx_word' id='word_1_314' title='bbox 395 1964 539 1993; x_wconf 87' lang='lat' dir='ltr'>omnibus</span> <span class='ocrx_word' id='word_1_315' title='bbox 552 1968 690 1992; x_wconf 87' lang='lat' dir='ltr'>evertere</span> <span class='ocrx_word' id='word_1_316' title='bbox 702 1961 873 1991; x_wconf 86' lang='lat' dir='ltr'>voluerunt.</span> <span class='ocrx_word' id='word_1_317' title='bbox 882 1962 956 1990; x_wconf 66' lang='lat'>⁶264.</span> 
     </span>
     <span class='ocr_line' id='line_1_70' title="bbox 291 2002 956 2044; baseline -0.008 -7"><span class='ocrx_word' id='word_1_318' title='bbox 291 2006 529 2037; x_wconf 86' lang='lat' dir='ltr'>Atheniensibus</span> <span class='ocrx_word' id='word_1_319' title='bbox 549 2005 676 2034; x_wconf 89' lang='lat' dir='ltr'>ditionis</span> <span class='ocrx_word' id='word_1_320' title='bbox 695 2009 813 2044; x_wconf 88' lang='lat' dir='ltr'>partem</span> <span class='ocrx_word' id='word_1_321' title='bbox 835 2002 956 2042; x_wconf 87' lang='lat' dir='ltr'>eripue-</span> 
     </span>
     <span class='ocr_line' id='line_1_71' title="bbox 291 2048 955 2081; baseline -0.006 -1"><span class='ocrx_word' id='word_1_322' title='bbox 291 2055 372 2080; x_wconf 86' lang='lat' dir='ltr'>runt.</span> <span class='ocrx_word' id='word_1_323' title='bbox 400 2052 473 2081; x_wconf 72' lang='lat'>265.</span> <span class='ocrx_word' id='word_1_324' title='bbox 508 2049 657 2078; x_wconf 83' lang='lat' dir='ltr'>Enboeam</span> <span class='ocrx_word' id='word_1_325' title='bbox 684 2051 850 2077; x_wconf 78' lang='lat' dir='ltr'>vastarunt.</span> <span class='ocrx_word' id='word_1_326' title='bbox 882 2048 955 2078; x_wconf 78' lang='grc' dir='ltr'>ι266.</span> 
     </span>
     <span class='ocr_line' id='line_1_72' title="bbox 289 2089 957 2132; baseline -0.007 -9"><span class='ocrx_word' id='word_1_327' title='bbox 289 2093 473 2132; x_wconf 77' lang='lat' dir='ltr'>Byzantium</span> <span class='ocrx_word' id='word_1_328' title='bbox 511 2092 652 2121; x_wconf 86' lang='lat' dir='ltr'>triremes</span> <span class='ocrx_word' id='word_1_329' title='bbox 685 2091 846 2120; x_wconf 87' lang='lat' dir='ltr'>miserunt.</span> <span class='ocrx_word' id='word_1_330' title='bbox 880 2089 957 2118; x_wconf 91' lang='lat' dir='ltr'>ibid.</span> 
     </span>
     <span class='ocr_line' id='line_1_73' title="bbox 291 2132 957 2174; baseline -0.006 -9"><span class='ocrx_word' id='word_1_331' title='bbox 291 2137 441 2166; x_wconf 85' lang='lat' dir='ltr'>Phocaeos</span> <span class='ocrx_word' id='word_1_332' title='bbox 465 2135 547 2165; x_wconf 92' lang='lat' dir='ltr'>bello</span> <span class='ocrx_word' id='word_1_333' title='bbox 571 2135 774 2174; x_wconf 89' lang='lat' dir='ltr'>pertiverunt.</span> <span class='ocrx_word' id='word_1_334' title='bbox 791 2132 866 2162; x_wconf 87' lang='lat' dir='ltr'>ibid.</span> <span class='ocrx_word' id='word_1_335' title='bbox 891 2133 957 2162; x_wconf 85' lang='lat' dir='ltr'>the·</span> 
     </span>
     <span class='ocr_line' id='line_1_74' title="bbox 291 2176 955 2217; baseline -0.009 -8"><span class='ocrx_word' id='word_1_336' title='bbox 291 2189 412 2209; x_wconf 85' lang='lat' dir='ltr'>saurum</span> <span class='ocrx_word' id='word_1_337' title='bbox 431 2178 617 2217; x_wconf 88' lang='lat' dir='ltr'>Delphicum</span> <span class='ocrx_word' id='word_1_338' title='bbox 633 2177 764 2216; x_wconf 80' lang='lat' dir='ltr'>privatis</span> <span class='ocrx_word' id='word_1_339' title='bbox 781 2176 891 2216; x_wconf 85' lang='lat' dir='ltr'>opibus</span> <span class='ocrx_word' id='word_1_340' title='bbox 908 2185 955 2204; x_wconf 81' lang='lat' dir='ltr'>su-</span> 
     </span>
     <span class='ocr_line' id='line_1_75' title="bbox 291 2219 957 2261; baseline -0.006 -10"><span class='ocrx_word' id='word_1_341' title='bbox 291 2232 399 2261; x_wconf 83' lang='lat' dir='ltr'>perare</span> <span class='ocrx_word' id='word_1_342' title='bbox 412 2222 512 2250; x_wconf 90' lang='lat' dir='ltr'>conati</span> <span class='ocrx_word' id='word_1_343' title='bbox 526 2226 605 2252; x_wconf 88' lang='lat' dir='ltr'>sunt.</span> <span class='ocrx_word' id='word_1_344' title='bbox 620 2221 696 2251; x_wconf 90' lang='lat' dir='ltr'>ibid.</span> <span class='ocrx_word' id='word_1_345' title='bbox 713 2219 854 2258; x_wconf 80' lang='lat' dir='ltr'>proprias</span> <span class='ocrx_word' id='word_1_346' title='bbox 868 2219 957 2248; x_wconf 85' lang='lat' dir='ltr'>urbes</span> 
     </span>
     <span class='ocr_line' id='line_1_76' title="bbox 293 2261 954 2302; baseline -0.006 -8"><span class='ocrx_word' id='word_1_347' title='bbox 293 2266 475 2295; x_wconf 81' lang='lat' dir='ltr'>amiserunt.</span> <span class='ocrx_word' id='word_1_348' title='bbox 492 2264 568 2295; x_wconf 87' lang='lat' dir='ltr'>ibid.</span> <span class='ocrx_word' id='word_1_349' title='bbox 590 2263 758 2302; x_wconf 83' lang='lat' dir='ltr'>majoribus</span> <span class='ocrx_word' id='word_1_350' title='bbox 774 2262 861 2291; x_wconf 87' lang='lat' dir='ltr'>malis</span> <span class='ocrx_word' id='word_1_351' title='bbox 882 2261 954 2291; x_wconf 81' lang='lat' dir='ltr'>ami-</span> 
     </span>
     <span class='ocr_line' id='line_1_77' title="bbox 290 2305 957 2347; baseline -0.007 -9"><span class='ocrx_word' id='word_1_352' title='bbox 290 2314 413 2347; x_wconf 85' lang='lat' dir='ltr'>guntur,</span> <span class='ocrx_word' id='word_1_353' title='bbox 439 2318 527 2346; x_wconf 88' lang='lat' dir='ltr'>quam</span> <span class='ocrx_word' id='word_1_354' title='bbox 551 2309 655 2336; x_wconf 89' lang='lat' dir='ltr'>hostes</span> <span class='ocrx_word' id='word_1_355' title='bbox 677 2306 854 2336; x_wconf 87' lang='lat' dir='ltr'>insularum.</span> <span class='ocrx_word' id='word_1_356' title='bbox 879 2305 957 2334; x_wconf 84' lang='lat' dir='ltr'>ibid.</span> 
     </span>
     <span class='ocr_line' id='line_1_78' title="bbox 290 2347 957 2388; baseline -0.007 -7"><span class='ocrx_word' id='word_1_357' title='bbox 290 2352 322 2381; x_wconf 91' lang='lat' dir='ltr'>in</span> <span class='ocrx_word' id='word_1_358' title='bbox 337 2351 475 2381; x_wconf 89' lang='lat' dir='ltr'>Phocide</span> <span class='ocrx_word' id='word_1_359' title='bbox 490 2351 601 2380; x_wconf 87' lang='lat' dir='ltr'>frustra</span> <span class='ocrx_word' id='word_1_360' title='bbox 618 2349 729 2379; x_wconf 85' lang='lat' dir='ltr'>bellum</span> <span class='ocrx_word' id='word_1_361' title='bbox 745 2353 862 2388; x_wconf 83' lang='lat' dir='ltr'>gerunt.</span> <span class='ocrx_word' id='word_1_362' title='bbox 881 2347 957 2376; x_wconf 85' lang='lat' dir='ltr'>ibid.</span> 
     </span>
     <span class='ocr_line' id='line_1_79' title="bbox 292 2391 956 2430; baseline -0.006 -7"><span class='ocrx_word' id='word_1_363' title='bbox 292 2405 328 2423; x_wconf 90' lang='lat' dir='ltr'>eo</span> <span class='ocrx_word' id='word_1_364' title='bbox 345 2394 462 2424; x_wconf 84' lang='lat' dir='ltr'>redacti</span> <span class='ocrx_word' id='word_1_365' title='bbox 479 2398 560 2428; x_wconf 86' lang='lat' dir='ltr'>sunt,</span> <span class='ocrx_word' id='word_1_366' title='bbox 572 2398 604 2423; x_wconf 90' lang='lat' dir='ltr'>ut</span> <span class='ocrx_word' id='word_1_367' title='bbox 615 2403 733 2422; x_wconf 89' lang='lat' dir='ltr'>omnem</span> <span class='ocrx_word' id='word_1_368' title='bbox 747 2391 856 2421; x_wconf 87' lang='lat' dir='ltr'>salutis</span> <span class='ocrx_word' id='word_1_369' title='bbox 871 2401 956 2430; x_wconf 80' lang='lat' dir='ltr'>spem</span> 
     </span>
     <span class='ocr_line' id='line_1_80' title="bbox 291 2436 957 2477; baseline -0.006 -11"><span class='ocrx_word' id='word_1_370' title='bbox 291 2437 320 2466; x_wconf 88' lang='lat' dir='ltr'>in</span> <span class='ocrx_word' id='word_1_371' title='bbox 339 2437 484 2476; x_wconf 87' lang='lat' dir='ltr'>Philippo</span> <span class='ocrx_word' id='word_1_372' title='bbox 506 2441 630 2477; x_wconf 85' lang='lat' dir='ltr'>ponant.</span> <span class='ocrx_word' id='word_1_373' title='bbox 648 2436 724 2465; x_wconf 91' lang='lat' dir='ltr'>ibid.</span> <span class='ocrx_word' id='word_1_374' title='bbox 748 2445 852 2464; x_wconf 88' lang='lat' dir='ltr'>eorum</span> <span class='ocrx_word' id='word_1_375' title='bbox 882 2438 957 2463; x_wconf 89' lang='lat' dir='ltr'>tem·</span> 
     </span>
     <span class='ocr_line' id='line_1_81' title="bbox 289 2477 959 2519; baseline -0.004 -10"><span class='ocrx_word' id='word_1_376' title='bbox 289 2490 365 2519; x_wconf 88' lang='lat' dir='ltr'>pore</span> <span class='ocrx_word' id='word_1_377' title='bbox 395 2480 540 2510; x_wconf 89' lang='lat' dir='ltr'>orationis</span> <span class='ocrx_word' id='word_1_378' title='bbox 567 2479 751 2518; x_wconf 78' lang='lat' dir='ltr'>Philippica:</span> <span class='ocrx_word' id='word_1_379' title='bbox 785 2477 959 2507; x_wconf 83' lang='lat' dir='ltr'>miseranda</span> 
     </span>
     <span class='ocr_line' id='line_1_82' title="bbox 290 2520 958 2553; baseline -0.006 0"><span class='ocrx_word' id='word_1_380' title='bbox 290 2523 439 2553; x_wconf 85' lang='lat' dir='ltr'>conditio.</span> <span class='ocrx_word' id='word_1_381' title='bbox 460 2523 549 2552; x_wconf 78' lang='lat' dir='ltr'>ibid..</span> <span class='ocrx_word' id='word_1_382' title='bbox 560 2523 723 2552; x_wconf 88' lang='lat' dir='ltr'>Leuctrica</span> <span class='ocrx_word' id='word_1_383' title='bbox 739 2521 868 2551; x_wconf 86' lang='lat' dir='ltr'>victoria</span> <span class='ocrx_word' id='word_1_384' title='bbox 884 2520 958 2549; x_wconf 88' lang='lat' dir='ltr'>nibil</span> 
     </span>
     <span class='ocr_line' id='line_1_83' title="bbox 287 2564 958 2605; baseline -0.004 -10"><span class='ocrx_word' id='word_1_385' title='bbox 287 2565 332 2596; x_wconf 80' lang='lat' dir='ltr'>iis</span> <span class='ocrx_word' id='word_1_386' title='bbox 347 2566 473 2605; x_wconf 77' lang='lat' dir='ltr'>profuit.</span> <span class='ocrx_word' id='word_1_387' title='bbox 490 2565 565 2595; x_wconf 87' lang='lat' dir='ltr'>ibid.</span> <span class='ocrx_word' id='word_1_388' title='bbox 590 2565 797 2604; x_wconf 86' lang='lat' dir='ltr'>Peloponnesi</span> <span class='ocrx_word' id='word_1_389' title='bbox 815 2564 958 2593; x_wconf 85' lang='lat' dir='ltr'>civitates</span> 
     </span>
     <span class='ocr_line' id='line_1_84' title="bbox 291 2606 957 2648; baseline -0.006 -9"><span class='ocrx_word' id='word_1_390' title='bbox 291 2614 364 2648; x_wconf 85' lang='lat' dir='ltr'>post</span> <span class='ocrx_word' id='word_1_391' title='bbox 387 2609 471 2638; x_wconf 91' lang='lat' dir='ltr'>illam</span> <span class='ocrx_word' id='word_1_392' title='bbox 501 2608 660 2638; x_wconf 85' lang='lat' dir='ltr'>victoriam</span> <span class='ocrx_word' id='word_1_393' title='bbox 685 2608 856 2638; x_wconf 82' lang='lat' dir='ltr'>turbarunt.</span> <span class='ocrx_word' id='word_1_394' title='bbox 878 2606 957 2635; x_wconf 88' lang='lat' dir='ltr'>ibid.</span> 
     </span>
     <span class='ocr_line' id='line_1_85' title="bbox 291 2650 958 2690; baseline -0.004 -8"><span class='ocrx_word' id='word_1_395' title='bbox 291 2652 478 2682; x_wconf 88' lang='lat' dir='ltr'>Thessaliam</span> <span class='ocrx_word' id='word_1_396' title='bbox 499 2651 641 2690; x_wconf 84' lang='lat' dir='ltr'>subigere</span> <span class='ocrx_word' id='word_1_397' title='bbox 659 2651 761 2682; x_wconf 86' lang='lat' dir='ltr'>conati</span> <span class='ocrx_word' id='word_1_398' title='bbox 784 2655 864 2680; x_wconf 89' lang='lat' dir='ltr'>sunt.</span> <span class='ocrx_word' id='word_1_399' title='bbox 882 2650 958 2679; x_wconf 89' lang='lat' dir='ltr'>ibid.</span> 
     </span>
     <span class='ocr_line' id='line_1_86' title="bbox 293 2693 957 2734; baseline -0.006 -9"><span class='ocrx_word' id='word_1_400' title='bbox 293 2694 530 2734; x_wconf 84' lang='lat' dir='ltr'>Megarensibus</span> <span class='ocrx_word' id='word_1_401' title='bbox 561 2694 698 2724; x_wconf 90' lang='lat' dir='ltr'>finitimis</span> <span class='ocrx_word' id='word_1_402' title='bbox 732 2693 849 2723; x_wconf 80' lang='lat' dir='ltr'>minati.</span> <span class='ocrx_word' id='word_1_403' title='bbox 880 2693 957 2722; x_wconf 86' lang='lat' dir='ltr'>ibid.</span> 
     </span>
     <span class='ocr_line' id='line_1_87' title="bbox 289 2735 956 2778; baseline -0.004 -10"><span class='ocrx_word' id='word_1_404' title='bbox 289 2736 540 2778; x_wconf 84' lang='lat' dir='ltr'>Amphictyoniae</span> <span class='ocrx_word' id='word_1_405' title='bbox 557 2737 737 2776; x_wconf 87' lang='lat' dir='ltr'>participes.</span> <span class='ocrx_word' id='word_1_406' title='bbox 761 2738 834 2766; x_wconf 66' lang='grc' dir='ltr'>ί271.</span> <span class='ocrx_word' id='word_1_407' title='bbox 860 2735 956 2766; x_wconf 87' lang='lat' dir='ltr'>Lace-</span> 
     </span>
     <span class='ocr_line' id='line_1_88' title="bbox 291 2780 955 2819; baseline -0.005 -8"><span class='ocrx_word' id='word_1_408' title='bbox 291 2781 450 2811; x_wconf 83' lang='lat' dir='ltr'>daemoniis</span> <span class='ocrx_word' id='word_1_409' title='bbox 477 2780 644 2810; x_wconf 84' lang='lat' dir='ltr'>Messenen</span> <span class='ocrx_word' id='word_1_410' title='bbox 674 2780 794 2819; x_wconf 87' lang='lat' dir='ltr'>eripere</span> <span class='ocrx_word' id='word_1_411' title='bbox 827 2784 955 2815; x_wconf 80' lang='lat' dir='ltr'>tentant.</span> 
     </span>
     <span class='ocr_line' id='line_1_89' title="bbox 289 2822 957 2861; baseline -0.006 -6"><span class='ocrx_word' id='word_1_412' title='bbox 289 2823 699 2861; x_wconf 81' lang='lat' dir='ltr'>301.P1ataeaset&#39;rhespias</span> <span class='ocrx_word' id='word_1_413' title='bbox 708 2822 810 2860; x_wconf 83' lang='lat' dir='ltr'>paullo</span> <span class='ocrx_word' id='word_1_414' title='bbox 820 2822 957 2852; x_wconf 83' lang='lat' dir='ltr'>anteAr-</span> 
     </span>
     <span class='ocr_line' id='line_1_90' title="bbox 290 2866 957 2906; baseline -0.001 -10"><span class='ocrx_word' id='word_1_415' title='bbox 290 2867 462 2896; x_wconf 87' lang='lat' dir='ltr'>chidamum</span> <span class='ocrx_word' id='word_1_416' title='bbox 476 2871 652 2896; x_wconf 88' lang='lat' dir='ltr'>everterunt</span> <span class='ocrx_word' id='word_1_417' title='bbox 662 2871 693 2895; x_wconf 87' lang='lat' dir='ltr'>et</span> <span class='ocrx_word' id='word_1_418' title='bbox 705 2866 872 2895; x_wconf 78' lang='lat' dir='ltr'>Messenen</span> <span class='ocrx_word' id='word_1_419' title='bbox 885 2870 957 2906; x_wconf 88' lang='lat' dir='ltr'>post</span> 
     </span>
     <span class='ocr_line' id='line_1_91' title="bbox 289 2908 956 2940; baseline -0.001 -1"><span class='ocrx_word' id='word_1_420' title='bbox 289 2915 446 2940; x_wconf 84' lang='lat' dir='ltr'>trecentos</span> <span class='ocrx_word' id='word_1_421' title='bbox 473 2919 566 2939; x_wconf 80' lang='lat' dir='ltr'>annos</span> <span class='ocrx_word' id='word_1_422' title='bbox 589 2909 769 2938; x_wconf 82' lang='lat' dir='ltr'>instaurant.</span> <span class='ocrx_word' id='word_1_423' title='bbox 786 2908 862 2938; x_wconf 87' lang='lat' dir='ltr'>ibid.</span> <span class='ocrx_word' id='word_1_424' title='bbox 890 2908 956 2938; x_wconf 83' lang='lat' dir='ltr'>He-</span> 
     </span>
     <span class='ocr_line' id='line_1_92' title="bbox 288 2951 957 2982; baseline -0.001 0"><span class='ocrx_word' id='word_1_425' title='bbox 288 2953 361 2982; x_wconf 91' lang='lat' dir='ltr'>lotis</span> <span class='ocrx_word' id='word_1_426' title='bbox 371 2951 957 2982; x_wconf 67' lang='lat' dir='ltr'>Messenenhabitandumtraduntjbid.</span> 
     </span>
     <span class='ocr_line' id='line_1_93' title="bbox 290 2994 956 3026; baseline -0.003 -1"><span class='ocrx_word' id='word_1_427' title='bbox 290 2996 587 3026; x_wconf 69' lang='lat' dir='ltr'>Lacedaemoniorum</span> <span class='ocrx_word' id='word_1_428' title='bbox 606 2995 796 3025; x_wconf 82' lang='lat' dir='ltr'>incursiones</span> <span class='ocrx_word' id='word_1_429' title='bbox 813 2999 844 3024; x_wconf 88' lang='lat' dir='ltr'>et</span> <span class='ocrx_word' id='word_1_430' title='bbox 861 2994 956 3023; x_wconf 83' lang='lat' dir='ltr'>minas</span> 
     </span>
     <span class='ocr_line' id='line_1_94' title="bbox 290 3037 953 3075; baseline -0.003 -8"><span class='ocrx_word' id='word_1_431' title='bbox 290 3039 474 3069; x_wconf 72' lang='lat' dir='ltr'>sustinentes</span> <span class='ocrx_word' id='word_1_432' title='bbox 494 3049 530 3068; x_wconf 85' lang='lat' dir='ltr'>co</span> <span class='ocrx_word' id='word_1_433' title='bbox 555 3043 715 3074; x_wconf 80' lang='lat' dir='ltr'>venerunt,</span> <span class='ocrx_word' id='word_1_434' title='bbox 737 3043 769 3067; x_wconf 92' lang='lat' dir='ltr'>ut</span> <span class='ocrx_word' id='word_1_435' title='bbox 796 3037 834 3067; x_wconf 81' lang='lat' dir='ltr'>iis</span> <span class='ocrx_word' id='word_1_436' title='bbox 858 3037 953 3075; x_wconf 76' lang='lat' dir='ltr'>impe-</span> 
     </span>
    </p>
   </div>
   <div class='ocr_carea' id='block_1_23' title="bbox 1032 1660 1704 2257">
    <p class='ocr_par' dir='ltr' id='par_1_25' title="bbox 1032 1660 1704 2257">
     <span class='ocr_line' id='line_1_95' title="bbox 1033 1660 1700 1690; baseline 0 -1"><span class='ocrx_word' id='word_1_437' title='bbox 1033 1661 1146 1690; x_wconf 79' lang='lat' dir='ltr'>virtute</span> <span class='ocrx_word' id='word_1_438' title='bbox 1159 1660 1342 1690; x_wconf 77' lang='lat' dir='ltr'>immortalis</span> <span class='ocrx_word' id='word_1_439' title='bbox 1360 1661 1468 1689; x_wconf 80' lang='lat' dir='ltr'>sactus.</span> <span class='ocrx_word' id='word_1_440' title='bbox 1487 1662 1538 1690; x_wconf 89' lang='lat'>90.</span> <span class='ocrx_word' id='word_1_441' title='bbox 1561 1660 1700 1689; x_wconf 88' lang='lat' dir='ltr'>Theseus</span> 
     </span>
     <span class='ocr_line' id='line_1_96' title="bbox 1032 1702 1700 1742; baseline -0.001 -10"><span class='ocrx_word' id='word_1_442' title='bbox 1032 1703 1124 1741; x_wconf 77' lang='lat' dir='ltr'>AEgei</span> <span class='ocrx_word' id='word_1_443' title='bbox 1137 1704 1218 1733; x_wconf 89' lang='lat' dir='ltr'>filius</span> <span class='ocrx_word' id='word_1_444' title='bbox 1232 1703 1347 1740; x_wconf 80' lang='lat' dir='ltr'>dictus,</span> <span class='ocrx_word' id='word_1_445' title='bbox 1356 1713 1466 1733; x_wconf 84' lang='lat' dir='ltr'>revera</span> <span class='ocrx_word' id='word_1_446' title='bbox 1477 1702 1613 1742; x_wconf 86' lang='lat' dir='ltr'>Neptuni</span> <span class='ocrx_word' id='word_1_447' title='bbox 1625 1702 1700 1741; x_wconf 75' lang='lat' dir='ltr'>futt5</span> 
     </span>
     <span class='ocr_line' id='line_1_97' title="bbox 1034 1745 1701 1785; baseline -0.001 -9"><span class='ocrx_word' id='word_1_448' title='bbox 1034 1747 1185 1776; x_wconf 79' lang='lat' dir='ltr'>Helenam</span> <span class='ocrx_word' id='word_1_449' title='bbox 1203 1747 1334 1785; x_wconf 86' lang='lat' dir='ltr'>deperit,</span> <span class='ocrx_word' id='word_1_450' title='bbox 1348 1751 1380 1776; x_wconf 91' lang='lat' dir='ltr'>et</span> <span class='ocrx_word' id='word_1_451' title='bbox 1392 1757 1408 1775; x_wconf 88' lang='lat' dir='ltr'>a</span> <span class='ocrx_word' id='word_1_452' title='bbox 1422 1745 1562 1775; x_wconf 85' lang='lat' dir='ltr'>Pirithoo</span> <span class='ocrx_word' id='word_1_453' title='bbox 1577 1746 1701 1784; x_wconf 81' lang='lat' dir='ltr'>adjutus</span> 
     </span>
     <span class='ocr_line' id='line_1_98' title="bbox 1032 1788 1702 1827; baseline -0.001 -9"><span class='ocrx_word' id='word_1_454' title='bbox 1032 1789 1208 1827; x_wconf 88' lang='lat' dir='ltr'>Aphidnam</span> <span class='ocrx_word' id='word_1_455' title='bbox 1233 1790 1265 1819; x_wconf 86' lang='lat' dir='ltr'>vi</span> <span class='ocrx_word' id='word_1_456' title='bbox 1285 1788 1425 1819; x_wconf 83' lang='lat' dir='ltr'>abduxit.</span> <span class='ocrx_word' id='word_1_457' title='bbox 1448 1791 1525 1819; x_wconf 87' lang='lat'>469.</span> <span class='ocrx_word' id='word_1_458' title='bbox 1545 1799 1608 1827; x_wconf 87' lang='lat' dir='ltr'>seq.</span> <span class='ocrx_word' id='word_1_459' title='bbox 1633 1790 1702 1827; x_wconf 83' lang='lat' dir='ltr'>ejus</span> 
     </span>
     <span class='ocr_line' id='line_1_99' title="bbox 1034 1831 1702 1863; baseline 0.001 -3"><span class='ocrx_word' id='word_1_460' title='bbox 1034 1831 1152 1863; x_wconf 80' lang='lat' dir='ltr'>laudes.</span> <span class='ocrx_word' id='word_1_461' title='bbox 1162 1833 1238 1862; x_wconf 89' lang='lat' dir='ltr'>ibid.</span> <span class='ocrx_word' id='word_1_462' title='bbox 1263 1832 1350 1863; x_wconf 52' lang='lat' dir='ltr'>nullav</span> <span class='ocrx_word' id='word_1_463' title='bbox 1359 1832 1470 1862; x_wconf 87' lang='lat' dir='ltr'>virtute</span> <span class='ocrx_word' id='word_1_464' title='bbox 1485 1832 1702 1862; x_wconf 80' lang='lat' dir='ltr'>oarebat.470.</span> 
     </span>
     <span class='ocr_line' id='line_1_100' title="bbox 1034 1874 1702 1913; baseline -0.001 -9"><span class='ocrx_word' id='word_1_465' title='bbox 1034 1875 1182 1905; x_wconf 87' lang='lat' dir='ltr'>Herculis</span> <span class='ocrx_word' id='word_1_466' title='bbox 1198 1875 1295 1905; x_wconf 85' lang='lat' dir='ltr'>affinis</span> <span class='ocrx_word' id='word_1_467' title='bbox 1312 1882 1342 1904; x_wconf 88' lang='lat' dir='ltr'>et</span> <span class='ocrx_word' id='word_1_468' title='bbox 1352 1875 1479 1904; x_wconf 83' lang='lat' dir='ltr'>aemulus</span> <span class='ocrx_word' id='word_1_469' title='bbox 1490 1874 1702 1913; x_wconf 82' lang='lat' dir='ltr'>fuit,itemque</span> 
     </span>
     <span class='ocr_line' id='line_1_101' title="bbox 1035 1917 1702 1958; baseline -0.001 -11"><span class='ocrx_word' id='word_1_470' title='bbox 1035 1919 1173 1956; x_wconf 84' lang='lat' dir='ltr'>aequalis.</span> <span class='ocrx_word' id='word_1_471' title='bbox 1188 1918 1263 1948; x_wconf 88' lang='lat' dir='ltr'>ibid.</span> <span class='ocrx_word' id='word_1_472' title='bbox 1286 1918 1424 1947; x_wconf 86' lang='lat' dir='ltr'>Theseus</span> <span class='ocrx_word' id='word_1_473' title='bbox 1435 1917 1492 1947; x_wconf 86' lang='lat' dir='ltr'>sibi</span> <span class='ocrx_word' id='word_1_474' title='bbox 1504 1917 1570 1958; x_wconf 87' lang='lat' dir='ltr'>ipse</span> <span class='ocrx_word' id='word_1_475' title='bbox 1580 1917 1702 1946; x_wconf 87' lang='lat' dir='ltr'>labores</span> 
     </span>
     <span class='ocr_line' id='line_1_102' title="bbox 1034 1960 1700 2004; baseline 0 -14"><span class='ocrx_word' id='word_1_476' title='bbox 1034 1961 1182 2000; x_wconf 79' lang='lat' dir='ltr'>imposuit</span> <span class='ocrx_word' id='word_1_477' title='bbox 1195 1961 1314 2004; x_wconf 42' lang='lat' dir='ltr'>Graecis</span> <span class='ocrx_word' id='word_1_478' title='bbox 1327 1961 1468 1990; x_wconf 89' lang='lat' dir='ltr'>omnibus</span> <span class='ocrx_word' id='word_1_479' title='bbox 1484 1965 1514 1989; x_wconf 89' lang='lat' dir='ltr'>et</span> <span class='ocrx_word' id='word_1_480' title='bbox 1528 1960 1636 1999; x_wconf 88' lang='lat' dir='ltr'>patriae</span> <span class='ocrx_word' id='word_1_481' title='bbox 1652 1969 1700 1990; x_wconf 89' lang='lat' dir='ltr'>sa-</span> 
     </span>
     <span class='ocr_line' id='line_1_103' title="bbox 1034 2002 1703 2042; baseline 0 -10"><span class='ocrx_word' id='word_1_482' title='bbox 1034 2003 1160 2034; x_wconf 81' lang='lat' dir='ltr'>tutares.</span> <span class='ocrx_word' id='word_1_483' title='bbox 1180 2004 1256 2033; x_wconf 88' lang='lat' dir='ltr'>ibid.</span> <span class='ocrx_word' id='word_1_484' title='bbox 1281 2009 1401 2033; x_wconf 83' lang='lat' dir='ltr'>taurum</span> <span class='ocrx_word' id='word_1_485' title='bbox 1419 2014 1437 2033; x_wconf 88' lang='lat' dir='ltr'>a</span> <span class='ocrx_word' id='word_1_486' title='bbox 1458 2005 1604 2042; x_wconf 87' lang='lat' dir='ltr'>Neptuno</span> <span class='ocrx_word' id='word_1_487' title='bbox 1626 2002 1703 2032; x_wconf 89' lang='lat' dir='ltr'>mis-</span> 
     </span>
     <span class='ocr_line' id='line_1_104' title="bbox 1035 2045 1703 2086; baseline -0.003 -10"><span class='ocrx_word' id='word_1_488' title='bbox 1035 2057 1101 2076; x_wconf 82' lang='lat' dir='ltr'>sum</span> <span class='ocrx_word' id='word_1_489' title='bbox 1118 2048 1202 2077; x_wconf 91' lang='lat' dir='ltr'>solus</span> <span class='ocrx_word' id='word_1_490' title='bbox 1217 2047 1376 2078; x_wconf 82' lang='lat' dir='ltr'>interimit.</span> <span class='ocrx_word' id='word_1_491' title='bbox 1390 2046 1468 2076; x_wconf 91' lang='lat' dir='ltr'>ibid.</span> <span class='ocrx_word' id='word_1_492' title='bbox 1494 2045 1638 2086; x_wconf 86' lang='lat' dir='ltr'>Lapithis</span> <span class='ocrx_word' id='word_1_493' title='bbox 1651 2056 1703 2074; x_wconf 90' lang='lat' dir='ltr'>so-</span> 
     </span>
     <span class='ocr_line' id='line_1_105' title="bbox 1035 2089 1703 2121; baseline -0.001 -2"><span class='ocrx_word' id='word_1_494' title='bbox 1035 2091 1101 2119; x_wconf 91' lang='lat' dir='ltr'>cius</span> <span class='ocrx_word' id='word_1_495' title='bbox 1123 2096 1228 2121; x_wconf 80' lang='lat' dir='ltr'>contra</span> <span class='ocrx_word' id='word_1_496' title='bbox 1250 2092 1430 2120; x_wconf 83' lang='lat' dir='ltr'>Centauros.</span> <span class='ocrx_word' id='word_1_497' title='bbox 1446 2091 1521 2120; x_wconf 88' lang='grc'>471.</span> <span class='ocrx_word' id='word_1_498' title='bbox 1545 2089 1619 2118; x_wconf 83' lang='lat' dir='ltr'>vicit</span> <span class='ocrx_word' id='word_1_499' title='bbox 1635 2098 1703 2118; x_wconf 77' lang='lat' dir='ltr'>eos-</span> 
     </span>
     <span class='ocr_line' id='line_1_106' title="bbox 1035 2131 1704 2163; baseline -0.001 -1"><span class='ocrx_word' id='word_1_500' title='bbox 1035 2133 1102 2162; x_wconf 81' lang='lat' dir='ltr'>dem</span> <span class='ocrx_word' id='word_1_501' title='bbox 1114 2138 1144 2162; x_wconf 86' lang='lat' dir='ltr'>et</span> <span class='ocrx_word' id='word_1_502' title='bbox 1158 2133 1283 2163; x_wconf 85' lang='lat' dir='ltr'>delevit.</span> <span class='ocrx_word' id='word_1_503' title='bbox 1295 2132 1373 2162; x_wconf 87' lang='lat' dir='ltr'>ibid.</span> <span class='ocrx_word' id='word_1_504' title='bbox 1388 2137 1557 2162; x_wconf 89' lang='lat' dir='ltr'>monstrum</span> <span class='ocrx_word' id='word_1_505' title='bbox 1568 2131 1599 2161; x_wconf 89' lang='lat' dir='ltr'>in</span> <span class='ocrx_word' id='word_1_506' title='bbox 1609 2132 1704 2161; x_wconf 83' lang='lat' dir='ltr'>Creta</span> 
     </span>
     <span class='ocr_line' id='line_1_107' title="bbox 1035 2174 1703 2214; baseline -0.003 -8"><span class='ocrx_word' id='word_1_507' title='bbox 1035 2177 1171 2206; x_wconf 87' lang='lat' dir='ltr'>trucidat</span> <span class='ocrx_word' id='word_1_508' title='bbox 1186 2176 1384 2214; x_wconf 82' lang='lat' dir='ltr'>Athenasque</span> <span class='ocrx_word' id='word_1_509' title='bbox 1401 2186 1418 2204; x_wconf 84' lang='lat' dir='ltr'>a</span> <span class='ocrx_word' id='word_1_510' title='bbox 1433 2175 1517 2205; x_wconf 83' lang='lat' dir='ltr'>foedo</span> <span class='ocrx_word' id='word_1_511' title='bbox 1533 2174 1649 2205; x_wconf 87' lang='lat' dir='ltr'>tributo</span> <span class='ocrx_word' id='word_1_512' title='bbox 1666 2174 1703 2204; x_wconf 89' lang='lat' dir='ltr'>li-</span> 
     </span>
     <span class='ocr_line' id='line_1_108' title="bbox 1035 2217 1703 2257; baseline -0.003 -9"><span class='ocrx_word' id='word_1_513' title='bbox 1035 2220 1131 2248; x_wconf 86' lang='lat' dir='ltr'>berat.</span> <span class='ocrx_word' id='word_1_514' title='bbox 1145 2220 1221 2249; x_wconf 85' lang='lat' dir='ltr'>ibid.</span> <span class='ocrx_word' id='word_1_515' title='bbox 1246 2219 1401 2248; x_wconf 87' lang='lat' dir='ltr'>Scironem</span> <span class='ocrx_word' id='word_1_516' title='bbox 1414 2224 1445 2247; x_wconf 91' lang='lat' dir='ltr'>et</span> <span class='ocrx_word' id='word_1_517' title='bbox 1458 2220 1646 2257; x_wconf 82' lang='lat' dir='ltr'>Cercyonem</span> <span class='ocrx_word' id='word_1_518' title='bbox 1658 2217 1703 2246; x_wconf 85' lang='lat' dir='ltr'>iu-</span> 
     </span>
    </p>
   </div>
   <div class='ocr_carea' id='block_1_24' title="bbox 1035 2260 1749 2300">
    <p class='ocr_par' dir='ltr' id='par_1_26' title="bbox 1035 2260 1749 2300">
     <span class='ocr_line' id='line_1_109' title="bbox 1035 2260 1749 2300; baseline -0.003 -8"><span class='ocrx_word' id='word_1_519' title='bbox 1035 2263 1158 2293; x_wconf 85' lang='lat' dir='ltr'>terticit.</span> <span class='ocrx_word' id='word_1_520' title='bbox 1189 2262 1267 2291; x_wconf 87' lang='lat' dir='ltr'>ibid.</span> <span class='ocrx_word' id='word_1_521' title='bbox 1301 2262 1437 2291; x_wconf 86' lang='lat' dir='ltr'>Adrasto</span> <span class='ocrx_word' id='word_1_522' title='bbox 1464 2266 1495 2290; x_wconf 91' lang='lat' dir='ltr'>et</span> <span class='ocrx_word' id='word_1_523' title='bbox 1526 2260 1702 2291; x_wconf 82' lang='lat' dir='ltr'>Heraclidis</span> <span class='ocrx_word' id='word_1_524' title='bbox 1747 2297 1749 2300; x_wconf 17' lang='grc' dir='ltr'><strong>Υ</strong></span> 
     </span>
    </p>
   </div>
   <div class='ocr_carea' id='block_1_25' title="bbox 1034 2303 1704 2680">
    <p class='ocr_par' dir='ltr' id='par_1_27' title="bbox 1034 2303 1704 2680">
     <span class='ocr_line' id='line_1_110' title="bbox 1035 2303 1702 2344; baseline -0.003 -10"><span class='ocrx_word' id='word_1_525' title='bbox 1035 2315 1125 2344; x_wconf 91' lang='lat' dir='ltr'>opem</span> <span class='ocrx_word' id='word_1_526' title='bbox 1148 2305 1230 2340; x_wconf 82' lang='lat' dir='ltr'>tulit,</span> <span class='ocrx_word' id='word_1_527' title='bbox 1256 2304 1496 2344; x_wconf 84' lang='lat' dir='ltr'>Peloponnesios</span> <span class='ocrx_word' id='word_1_528' title='bbox 1518 2303 1605 2339; x_wconf 85' lang='lat' dir='ltr'>vicit,</span> <span class='ocrx_word' id='word_1_529' title='bbox 1621 2303 1702 2333; x_wconf 86' lang='lat' dir='ltr'>The·</span> 
     </span>
     <span class='ocr_line' id='line_1_111' title="bbox 1034 2347 1703 2388; baseline -0.003 -11"><span class='ocrx_word' id='word_1_530' title='bbox 1034 2349 1191 2388; x_wconf 85' lang='lat' dir='ltr'>banosque</span> <span class='ocrx_word' id='word_1_531' title='bbox 1203 2348 1353 2377; x_wconf 86' lang='lat' dir='ltr'>cadavera</span> <span class='ocrx_word' id='word_1_532' title='bbox 1363 2347 1494 2377; x_wconf 86' lang='lat' dir='ltr'>reddere</span> <span class='ocrx_word' id='word_1_533' title='bbox 1506 2347 1617 2386; x_wconf 88' lang='lat' dir='ltr'>coegit.</span> <span class='ocrx_word' id='word_1_534' title='bbox 1627 2347 1703 2378; x_wconf 71' lang='lat'>472.</span> 
     </span>
     <span class='ocr_line' id='line_1_112' title="bbox 1036 2389 1704 2421; baseline -0.003 -1"><span class='ocrx_word' id='word_1_535' title='bbox 1036 2391 1118 2421; x_wconf 82' lang='lat' dir='ltr'>illius</span> <span class='ocrx_word' id='word_1_536' title='bbox 1132 2391 1357 2421; x_wconf 82' lang='lat' dir='ltr'>administratio</span> <span class='ocrx_word' id='word_1_537' title='bbox 1377 2390 1512 2420; x_wconf 85' lang='lat' dir='ltr'>civitatis</span> <span class='ocrx_word' id='word_1_538' title='bbox 1528 2389 1704 2419; x_wconf 77' lang='lat' dir='ltr'>monarchia</span> 
     </span>
     <span class='ocr_line' id='line_1_113' title="bbox 1036 2432 1702 2464; baseline -0.003 -1"><span class='ocrx_word' id='word_1_539' title='bbox 1036 2435 1230 2464; x_wconf 77' lang='lat' dir='ltr'>democratiae</span> <span class='ocrx_word' id='word_1_540' title='bbox 1246 2434 1341 2463; x_wconf 77' lang='lat' dir='ltr'>mixta</span> <span class='ocrx_word' id='word_1_541' title='bbox 1357 2434 1425 2463; x_wconf 77' lang='lat' dir='ltr'>suit.</span> <span class='ocrx_word' id='word_1_542' title='bbox 1442 2432 1518 2463; x_wconf 90' lang='lat' dir='ltr'>ibid.</span> <span class='ocrx_word' id='word_1_543' title='bbox 1543 2432 1702 2462; x_wconf 85' lang='lat' dir='ltr'>civitatem</span> 
     </span>
     <span class='ocr_line' id='line_1_114' title="bbox 1035 2475 1703 2514; baseline -0.004 -7"><span class='ocrx_word' id='word_1_544' title='bbox 1035 2477 1223 2507; x_wconf 83' lang='lat' dir='ltr'>multitudini</span> <span class='ocrx_word' id='word_1_545' title='bbox 1255 2476 1523 2506; x_wconf 81' lang='lat' dir='ltr'>administrandam</span> <span class='ocrx_word' id='word_1_546' title='bbox 1551 2475 1703 2514; x_wconf 87' lang='lat' dir='ltr'>permisit,</span> 
     </span>
     <span class='ocr_line' id='line_1_115' title="bbox 1038 2518 1702 2559; baseline -0.005 -9"><span class='ocrx_word' id='word_1_547' title='bbox 1038 2520 1106 2559; x_wconf 86' lang='lat' dir='ltr'>ipse</span> <span class='ocrx_word' id='word_1_548' title='bbox 1124 2526 1185 2550; x_wconf 90' lang='lat' dir='ltr'>tum</span> <span class='ocrx_word' id='word_1_549' title='bbox 1204 2530 1260 2559; x_wconf 86' lang='lat' dir='ltr'>pro</span> <span class='ocrx_word' id='word_1_550' title='bbox 1278 2529 1315 2550; x_wconf 80' lang='lat' dir='ltr'>ea</span> <span class='ocrx_word' id='word_1_551' title='bbox 1334 2525 1395 2549; x_wconf 87' lang='lat' dir='ltr'>tum</span> <span class='ocrx_word' id='word_1_552' title='bbox 1415 2530 1469 2558; x_wconf 85' lang='lat' dir='ltr'>pro</span> <span class='ocrx_word' id='word_1_553' title='bbox 1491 2518 1562 2549; x_wconf 80' lang='lat' dir='ltr'>aliis</span> <span class='ocrx_word' id='word_1_554' title='bbox 1583 2518 1702 2548; x_wconf 78' lang='lat' dir='ltr'>Graecis</span> 
     </span>
     <span class='ocr_line' id='line_1_116' title="bbox 1035 2561 1702 2603; baseline -0.006 -10"><span class='ocrx_word' id='word_1_555' title='bbox 1035 2563 1173 2603; x_wconf 84' lang='lat' dir='ltr'>pericula</span> <span class='ocrx_word' id='word_1_556' title='bbox 1198 2562 1300 2593; x_wconf 79' lang='lat' dir='ltr'>subire</span> <span class='ocrx_word' id='word_1_557' title='bbox 1327 2573 1385 2592; x_wconf 85' lang='lat' dir='ltr'>non</span> <span class='ocrx_word' id='word_1_558' title='bbox 1407 2561 1538 2592; x_wconf 76' lang='lat' dir='ltr'>destitit.</span> <span class='ocrx_word' id='word_1_559' title='bbox 1565 2563 1640 2593; x_wconf 81' lang='lat'>536.</span> <span class='ocrx_word' id='word_1_560' title='bbox 1663 2561 1702 2590; x_wconf 86' lang='lat' dir='ltr'>de</span> 
     </span>
     <span class='ocr_line' id='line_1_117' title="bbox 1035 2604 1702 2644; baseline -0.004 -8"><span class='ocrx_word' id='word_1_561' title='bbox 1035 2606 1201 2636; x_wconf 82' lang='lat' dir='ltr'>reddendis</span> <span class='ocrx_word' id='word_1_562' title='bbox 1218 2606 1351 2636; x_wconf 81' lang='lat' dir='ltr'>Adrasto</span> <span class='ocrx_word' id='word_1_563' title='bbox 1367 2605 1568 2635; x_wconf 84' lang='lat' dir='ltr'>cadaveribus</span> <span class='ocrx_word' id='word_1_564' title='bbox 1584 2604 1702 2644; x_wconf 78' lang='lat' dir='ltr'>legatos</span> 
     </span>
     <span class='ocr_line' id='line_1_118' title="bbox 1037 2648 1658 2680; baseline -0.005 -1"><span class='ocrx_word' id='word_1_565' title='bbox 1037 2651 1158 2680; x_wconf 85' lang='lat' dir='ltr'>Thebas</span> <span class='ocrx_word' id='word_1_566' title='bbox 1175 2649 1269 2679; x_wconf 87' lang='lat' dir='ltr'>misit.</span> <span class='ocrx_word' id='word_1_567' title='bbox 1286 2650 1361 2679; x_wconf 69' lang='lat'>546.</span> <span class='ocrx_word' id='word_1_568' title='bbox 1384 2648 1478 2678; x_wconf 84' lang='lat' dir='ltr'>idem.</span> <span class='ocrx_word' id='word_1_569' title='bbox 1492 2650 1567 2680; x_wconf 78' lang='lat'>552.</span> <span class='ocrx_word' id='word_1_570' title='bbox 1582 2649 1658 2677; x_wconf 77' lang='lat'>554.</span> 
     </span>
    </p>
   </div>
   <div class='ocr_carea' id='block_1_26' title="bbox 991 2689 1701 2731">
    <p class='ocr_par' dir='ltr' id='par_1_28' title="bbox 991 2689 1701 2731">
     <span class='ocr_line' id='line_1_119' title="bbox 991 2689 1701 2731; baseline -0.004 -10"><span class='ocrx_word' id='word_1_571' title='bbox 991 2691 1130 2722; x_wconf 86' lang='lat' dir='ltr'>Thessali</span> <span class='ocrx_word' id='word_1_572' title='bbox 1152 2699 1221 2722; x_wconf 89' lang='lat' dir='ltr'>ante</span> <span class='ocrx_word' id='word_1_573' title='bbox 1242 2692 1422 2731; x_wconf 87' lang='lat' dir='ltr'>Philippum</span> <span class='ocrx_word' id='word_1_574' title='bbox 1440 2689 1628 2721; x_wconf 79' lang='lat' dir='ltr'>Macedonia:</span> <span class='ocrx_word' id='word_1_575' title='bbox 1646 2690 1701 2719; x_wconf 89' lang='lat' dir='ltr'>im-</span> 
     </span>
    </p>
   </div>
   <div class='ocr_carea' id='block_1_27' title="bbox 1035 2732 1704 3075">
    <p class='ocr_par' dir='ltr' id='par_1_29' title="bbox 1035 2732 1704 3075">
     <span class='ocr_line' id='line_1_120' title="bbox 1035 2732 1704 2775; baseline -0.007 -9"><span class='ocrx_word' id='word_1_576' title='bbox 1035 2746 1106 2775; x_wconf 84' lang='lat' dir='ltr'>pera</span> <span class='ocrx_word' id='word_1_577' title='bbox 1113 2737 1193 2766; x_wconf 84' lang='lat' dir='ltr'>bant.</span> <span class='ocrx_word' id='word_1_578' title='bbox 1204 2737 1276 2766; x_wconf 69' lang='lat'>258.</span> <span class='ocrx_word' id='word_1_579' title='bbox 1291 2734 1478 2764; x_wconf 83' lang='lat' dir='ltr'>Thessaliam</span> <span class='ocrx_word' id='word_1_580' title='bbox 1486 2732 1621 2763; x_wconf 78' lang='lat' dir='ltr'>Thebani</span> <span class='ocrx_word' id='word_1_581' title='bbox 1633 2733 1704 2762; x_wconf 88' lang='lat' dir='ltr'>sub-</span> 
     </span>
     <span class='ocr_line' id='line_1_121' title="bbox 1036 2774 1703 2817; baseline -0.006 -9"><span class='ocrx_word' id='word_1_582' title='bbox 1036 2780 1120 2817; x_wconf 82' lang='lat' dir='ltr'>igere</span> <span class='ocrx_word' id='word_1_583' title='bbox 1146 2779 1245 2809; x_wconf 84' lang='lat' dir='ltr'>conati</span> <span class='ocrx_word' id='word_1_584' title='bbox 1268 2782 1347 2808; x_wconf 89' lang='lat' dir='ltr'>sunt.</span> <span class='ocrx_word' id='word_1_585' title='bbox 1371 2780 1444 2808; x_wconf 75' lang='lat'>266.</span> <span class='ocrx_word' id='word_1_586' title='bbox 1469 2775 1610 2806; x_wconf 77' lang='lat' dir='ltr'>Thessali</span> <span class='ocrx_word' id='word_1_587' title='bbox 1626 2774 1703 2805; x_wconf 91' lang='lat' dir='ltr'>Am-</span> 
     </span>
     <span class='ocr_line' id='line_1_122' title="bbox 1036 2818 1704 2861; baseline -0.004 -11"><span class='ocrx_word' id='word_1_588' title='bbox 1036 2822 1225 2861; x_wconf 70' lang='lat' dir='ltr'>phictyoniae</span> <span class='ocrx_word' id='word_1_589' title='bbox 1242 2820 1420 2861; x_wconf 82' lang='lat' dir='ltr'>participes.</span> <span class='ocrx_word' id='word_1_590' title='bbox 1437 2821 1510 2850; x_wconf 80' lang='lat'>271.</span> <span class='ocrx_word' id='word_1_591' title='bbox 1533 2829 1588 2848; x_wconf 89' lang='lat' dir='ltr'>cur</span> <span class='ocrx_word' id='word_1_592' title='bbox 1605 2818 1704 2848; x_wconf 82' lang='lat' dir='ltr'>maxi·</span> 
     </span>
     <span class='ocr_line' id='line_1_123' title="bbox 1037 2863 1704 2905; baseline -0.006 -11"><span class='ocrx_word' id='word_1_593' title='bbox 1037 2876 1100 2894; x_wconf 85' lang='lat' dir='ltr'>ruas</span> <span class='ocrx_word' id='word_1_594' title='bbox 1117 2875 1191 2904; x_wconf 79' lang='lat' dir='ltr'>opes</span> <span class='ocrx_word' id='word_1_595' title='bbox 1209 2864 1408 2905; x_wconf 85' lang='lat' dir='ltr'>possidentes</span> <span class='ocrx_word' id='word_1_596' title='bbox 1425 2863 1462 2892; x_wconf 82' lang='lat' dir='ltr'>ad</span> <span class='ocrx_word' id='word_1_597' title='bbox 1477 2866 1644 2901; x_wconf 77' lang='lat' dir='ltr'>egestatem</span> <span class='ocrx_word' id='word_1_598' title='bbox 1657 2871 1704 2891; x_wconf 86' lang='lat' dir='ltr'>re—</span> 
     </span>
     <span class='ocr_line' id='line_1_124' title="bbox 1035 2904 1702 2939; baseline -0.004 -2"><span class='ocrx_word' id='word_1_599' title='bbox 1035 2908 1117 2938; x_wconf 88' lang='lat' dir='ltr'>dacti</span> <span class='ocrx_word' id='word_1_600' title='bbox 1144 2908 1214 2938; x_wconf 85' lang='lat' dir='ltr'>sint.</span> <span class='ocrx_word' id='word_1_601' title='bbox 1235 2909 1310 2939; x_wconf 79' lang='lat'>431.</span> <span class='ocrx_word' id='word_1_602' title='bbox 1335 2916 1438 2936; x_wconf 87' lang='lat' dir='ltr'>eorum</span> <span class='ocrx_word' id='word_1_603' title='bbox 1460 2915 1545 2934; x_wconf 86' lang='lat' dir='ltr'>arces</span> <span class='ocrx_word' id='word_1_604' title='bbox 1571 2905 1608 2934; x_wconf 85' lang='lat' dir='ltr'>ab</span> <span class='ocrx_word' id='word_1_605' title='bbox 1633 2904 1702 2934; x_wconf 80' lang='lat' dir='ltr'>aliis</span> 
     </span>
     <span class='ocr_line' id='line_1_125' title="bbox 1036 2946 1704 2990; baseline -0.004 -10"><span class='ocrx_word' id='word_1_606' title='bbox 1036 2962 1158 2990; x_wconf 82' lang='lat' dir='ltr'>semper</span> <span class='ocrx_word' id='word_1_607' title='bbox 1185 2953 1384 2989; x_wconf 83' lang='lat' dir='ltr'>occupantur.</span> <span class='ocrx_word' id='word_1_608' title='bbox 1416 2948 1491 2977; x_wconf 85' lang='lat' dir='ltr'>ibid.</span> <span class='ocrx_word' id='word_1_609' title='bbox 1524 2947 1583 2977; x_wconf 82' lang='lat' dir='ltr'>tria</span> <span class='ocrx_word' id='word_1_610' title='bbox 1606 2946 1704 2977; x_wconf 69' lang='lat' dir='ltr'>mittin</span> 
     </span>
     <span class='ocr_line' id='line_1_126' title="bbox 1035 2989 1702 3033; baseline -0.006 -10"><span class='ocrx_word' id='word_1_611' title='bbox 1035 2995 1171 3033; x_wconf 85' lang='lat' dir='ltr'>equitum</span> <span class='ocrx_word' id='word_1_612' title='bbox 1190 2995 1310 3028; x_wconf 86' lang='lat' dir='ltr'>habent,</span> <span class='ocrx_word' id='word_1_613' title='bbox 1327 2990 1621 3029; x_wconf 84' lang='lat' dir='ltr'>innumerabilesque</span> <span class='ocrx_word' id='word_1_614' title='bbox 1635 2989 1702 3029; x_wconf 87' lang='lat' dir='ltr'>pel-</span> 
     </span>
     <span class='ocr_line' id='line_1_127' title="bbox 1036 3033 1701 3075; baseline -0.005 -9"><span class='ocrx_word' id='word_1_615' title='bbox 1036 3043 1141 3067; x_wconf 73' lang='lat' dir='ltr'>tastas.</span> <span class='ocrx_word' id='word_1_616' title='bbox 1165 3036 1237 3067; x_wconf 88' lang='lat' dir='ltr'>ibid.</span> <span class='ocrx_word' id='word_1_617' title='bbox 1264 3034 1401 3075; x_wconf 81' lang='lat' dir='ltr'>sibiipsi</span> <span class='ocrx_word' id='word_1_618' title='bbox 1424 3034 1538 3064; x_wconf 78' lang='lat' dir='ltr'>bellum</span> <span class='ocrx_word' id='word_1_619' title='bbox 1556 3033 1701 3063; x_wconf 80' lang='lat' dir='ltr'>inserunt.</span> 
     </span>
    </p>
   </div>
  </div>
 </body>
</html>
