1924 3314
349 189 416 240 62
582 198 670 239 ΕΚ
727 197 1155 240 ΔΙΟΝΥΣΙΘΥ
1210 196 1553 239 A‘AIK-APN.

344 301 509 344 ἄλλον
552 303 739 357 χρόνον
793 303 992 344 εἰώθατε
1040 304 1177 350 τοὺς
1196 301 1391 349 α’λλους
1432 301 1690 348 ἅπαντας
1707 303 1772 343 ἐκ·

347 365 577 421 βάλλειν,
605 365 736 415 πλὴν
768 369 885 414 τοὺς
912 368 1349 421 συναγορεύοντας
1365 372 1482 413 ταῖς
1516 366 1768 420 ὑμετέραις

349 425 646 475 ἐπιθυμίαις
678 423 701 464 ὃ
736 428 812 465 καὶ
842 421 1040 471 δικαίως
1073 423 1130 464 α’ν
1165 441 1238 470 τις
1276 423 1391 475 ὑμῖν
1430 424 1770 475 ἐπιτιμησειευ,

349 480 434 525 ὅτι,
470 477 755 528 συνειδότες
793 479 1025 550 πολλοὺς
1061 484 1135 521 καὶ
1163 478 1452 533 μεγάλους
1469 479 1640 526 οἴκους
1676 479 1770 521 ὑπὸ

337 538 440 576 ’τῶν
476 535 866 578 κολακευόντων
918 536 1229 583 ἀναστάτους
1269 537 1651 590 γεγενημένους,
1692 539 1768 577 καὶ

344 595 608 644 μισοῦντες
645 595 844 634 ἐπὶτῶν
881 590 1018 634 ἰδίων
1055 595 1171 640 τοὺς
1215 594 1398 639 ταύτην
1432 591 1645 646 έχοντας
1680 593 1769 641 τὴν

346 650 538 702 τέχνην,
573 651 645 689 ἐπὶ
680 652 774 690 τῶν
807 652 985 689 κοινῶν
1017 649 1112 703 οὐχ
1143 651 1329 701 ὁμοίως
1359 646 1630 691 διάκειισθε
1625 650 1769 704 πρὸς

347 704 539 751 αὐτούς
574 704 718 755 ἀλλὰ,
754 709 1152 759 κατηγοροῦντες
1188 707 1282 746 τῶν
1319 706 1662 759 προσιεμένων
1690 710 1769 747 καὶ

335 762 629 816 χαιρόντων
665 766 771 809 τοῖς
808 764 1077 809 τοιούτοις,
1114 762 1255 803 αὐτοὶ
1293 760 1491 814 μᾶλλον
1531 764 1769 816 φαίνεσθε

345 819 541 865 τούτοις
567 819 886 865 πιστεύοντες
911 818 941 867 ’ἢ
957 825 1064 866 τοῖς
1090 818 1271 866 ἄλλοις
1295 818 1543 865 πολίταις.
1572 819 1770 874 καὶ-γάρ

345 892 418 915 τοι
456 877 749 923 πεποιήκατε
786 877 903 922 τοὺς
941 874 1189 930 ῥήτορας
1205 875 1415 929 μελετᾷν
1455 878 1530 916 καὶ
1566 874 1772 930 φιλ-οσο-

345 937 453 1004 φεῖν
482 932 536 972 οὐ
566 933 619 973 τὰ
649 931 900 985 μέλλοντα
929 935 985 986 τῇ
1013 931 1159 973 πόλει
1189 934 1458 980 συνοίσειν,
1491 931 1556 973 ι’ῐλ
1596 932 1606 946 ’
1637 934 1771 981 ὅπως

346 987 648 1042 ἀρέσκοντας
678 989 792 1042 ὑμῖν
821 988 1016 1061 λόγους
1047 991 1260 1043 ἐροῦσιν,
1285 988 1355 1042 ἐφ’
1386 987 1473 1035 οὓς
1500 993 1575 1030 καὶ
1604 992 1690 1030 νῦν
1716 991 1770 1031 τὸ

343 1044 540 1093 πλῆθος
573 1046 732 1087 αὐτων
765 1044 1117 1100 συνεῤῥύηκεν.
1146 1045 1297 1086 ἅπασι
1326 1045 1420 1099 γὰρ
1451 1047 1510 1111 ῆνή
1524 1046 1769 1100 φανερὸν,

344 1103 418 1142 ὅτι
446 1101 642 1154 μᾶλλον
670 1100 847 1150 ηδεσθε
877 1108 985 1150 τοῖς
1015 1101 1437 1156 παρακαλοῦσιν’
1423 1103 1547 1155 υμῖις
1574 1104 1671 1143 ἐπὶ
1681 1103 1767 1144 τὸν

341 1158 564 1212 πόλεμον
600 1159 622 1207 ἠ
656 1165 764 1207 τοῖς
804 1163 915 1215 περὶ
954 1164 1039 1207 τῆς
1074 1161 1275 1214 ειρήνης
1309 1156 1768 1213 συμβουλεύουσιν.

342 1217 386 1256 οἱ
419 1219 503 1269 μὲν
537 1217 629 1270 γὰρ
663 1214 984 1270 προσδοκίαν
1003 1218 1312 1268 ἐμποιοῦσιν,
1352 1215 1416 1263 ὡς
1446 1216 1552 1264 τὰς
1567 1217 1768 1265 κτήσεις

339 1273 426 1320 τὰς
455 1274 504 1313 ἐν
529 1279 638 1320 ταῖς
665 1272 843 1314 πόλεσι
865 1275 1169 1326 κομιούμεθα
1195 1276 1272 1314 καὶ
1303 1291 1388 1321 την
1418 1269 1674 1325 δύναμιν’
1655 1290 1767 1314 ανα-

339 1327 598 1382 ληψόμεθα
624 1330 791 1376 πάλιν,
819 1329 876 1378 ὴν
901 1331 1147 1401 πρότερον
1176 1330 1517 1384 ἐτυγχάνομεν
1543 1329 1764 1386 ἕχ·οντες

340 1387 384 1426 οἱ
415 1385 454 1427 δ’
481 1385 626 1428 οὐδὲν
651 1392 883 1428 τοιοῦτον
911 1385 1288 1433 ὑποτεινουσιν,
1312 1385 1430 1428 ἀλλ’
1457 1387 1521 1434 ὡς
1547 1388 1766 1442 ἡσυχίαν

340 1441 571 1498 ἕχεινδεῖ·
600 1447 676 1485 καὶ
702 1463 761 1497 μη
788 1443 1018 1517 μεγάλων
1038 1446 1316 1497 ἐπιθυμεῖν
1314 1443 1453 1498 παρὰ
1476 1444 1537 1485 τὸ-
1558 1441 1764 1492 δίκαιον,

339 1498 469 1540 ἀλλὰ
501 1502 732 1555 στέργειν
757 1503 809 1543 τὸ
839 1501 965 1550 ἰ’σου,
994 1501 1016 1542 ὃ
1046 1501 1415 1556 χαλεπώτατον
1432 1501 1633 1541 πάντων
1655 1506 1765 1549 τοῖς

336 1556 600 1605 πλείστοις
640 1561 735 1599 τῶν
768 1557 1044 1612 ἀνθρώπων
1085 1560 1232 1599 ἐστίν.
1274 1557 1399 1598 οὕτω
1435 1557 1531 1611 γὰρ
1566 1554 1763 1612 ἐξηρτή-

335 1616 458 1665 μεθα
484 1617 579 1655 τῶν
607 1612 824 1656 ἐλπίδων
852 1618 927 1656 καὶ
949 1615 1074 1669 πρὸς
1098 1615 1183 1661 τὰς
1205 1611 1455 1661 δοκούσας
1474 1612 1600 1654 εἶναι
1622 1614 1764 1656 πλεο-

337 1669 504 1718 νεὲίας
549 1670 818 1719 ἀπλήστως
865 1671 1057 1726 ἔχομεν,
1099 1670 1208 1718 ὥςτ’
1247 1667 1354 1712 ουδ’
1394 1671 1438 1711 οἱ
1477 1673 1762 1725 κεκτημένοι

335 1729 447 1774 τοὺς
476 1744 545 1780 .εμ
555 1731 762 1781 γίστους
800 1726 1059 1775 πλούτους
1099 1729 1264 1781 μένειν
1312 1728 1389 1768 ἐπὶ
1428 1728 1629 1775 τούτοις
1665 1729 1764 1770 ἐθέ-

334 1782 526 1829 λουσιν,
559 1783 674 1825 ἀλλ’
707 1783 778 1826 ἀεὶ
809 1788 894 1825 τοῦ
925 1784 1169 1832 πλείονος
1197 1784 1509 1838 ὀρεγόμενοι
1519 1788 1635 1840 περὶ
1667 1787 1763 1828 τῶν

334 1841 668 1914 ὑπαρχόντων
700 1839 1065 1883 κινδυνεύουσι.
1103 1839 1274 1895 διόπερ
1308 1839 1453 1887 ἄξιόν
1487 1842 1599 1882 ἐστι
1620 1839 1763 1884 δεδιέ-

335 1915 412 1939 ναι
443 1916 503 1949 μη
539 1901 617 1939 καὶ
650 1902 737 1939 νῦν
768 1899 907 1951 ἡμεῖς
939 1898 1111 1953 ἕνοχοι
1141 1899 1399 1952 γενώμεθα
1427 1899 1628 1946 ταύταις
1655 1904 1764 1948 ταῖς

334 1953 542 2001 ἀνοίαις·
572 1953 688 1996 λίαν
711 1956 809 2028 γάρ
836 1957 967 2002 τινές
987 1972 1069 2009 μοι
1097 1953 1332 1997 δοκοῦσιν
1357 1955 1612 2010 ὡρμῆσθαι
1634 1956 1764 2011 πρὸς

332 2012 418 2052 τὸν
445 2010 567 2052 πόλε
552 2029 682 2063 εμον,
705 2012 862 2066 ὥςπερ
889 2012 948 2053 οὐ
977 2014 1073 2053 τῶν
1098 2013 1361 2068 τυχόντων
1389 2010 1540 2067 συμβε
1549 2010 1761 2067 βουλευ-

334 2069 502 2115 κότων,
524 2067 657 2109 αλλὰ
684 2071 780 2110 τῶν
807 2071 932 2111 θεῶν
961 2068 1251 2143 ἀκηκοότες
1273 2070 1346 2110 ὅτι
1374 2070 1762 2123 κατορθώσομεν

335 2124 526 2166 ἅπαντα
557 2129 633 2167 καὶ
663 2123 849 2180 ῥαδίως
882 2128 1188 2181 κρατήσομεν
1219 2128 1315 2166 τῶν
1345 2127 1556 2181 ἐχθρῶν.
1585 2128 1682 2182 χρὴ
1713 2124 1761 2170 δὲ

334 2183 450 2228 robe
487 2200 606 2224 vovi)
642 2182 855 2238 ἔχοντας
892 2201 1000 2237 περὶ
1039 2202 1125 2235 μὲν
1160 2192 1223 2225 ων
1260 2200 1394 2224 ισασι
1427 2184 1488 2236 μὴ
1521 2181 1656 2238 βθυλ
1667 2201 1761 2225 ἐυε-

336 2237 447 2279 σθαι
470 2262 526 2266 ——
551 2243 820 2294 περίεργον
851 2240 946 2294 γὰρ
972 2264 1041 2283 -,
1070 2239 1201 2281 ἀλλὰ
1236 2241 1476 2294 πράττειν
1514 2241 1577 2288 ὡς
1615 2241 1762 2295 ἐγνώ-

336 2307 457 2336 κασι
479 2299 587 2348 περὶ
615 2297 678 2337 ὧν
701 2295 788 2337 δά
772 2295 789 2311 ⁸
799 2295 1216 2352 νβουλεύωνται,
1237 2299 1297 2350 μὴ
1324 2296 1553 2350 νομίζειν
1581 2295 1763 2340 ειδέναι

336 2353 390 2393 τὸ
417 2350 819 2406 συμβησόμενον,
847 2353 962 2395 ἀλλ
991 2354 1052 2402 ὡς
1081 2353 1201 2409 δόξῃ
1205 2358 1312 2425 μὲν
1341 2356 1645 2409 χρωμένους,
1670 2357 1693 2397 6
1719 2373 1762 2397 τι

338 2406 428 2450 δ’
409 2427 466 2450 αν
485 2411 621 2478 τύχῃ
650 2412 1003 2464 γενησόμενον,
1041 2411 1165 2453 οὕτω
1201 2408 1505 2453 διανοεῖσθαι
1536 2414 1667 2466 περὶ
1676 2412 1762 2453 αὐ-

337 2484 446 2506 va-
478 2474 541 2507 ὼν
573 2467 706 2520 ὑμεῖς
737 2466 999 2523 Ουδέτέρον
1028 2469 1302 2523 ΤυΎχάνΕΤξ
1333 2472 1613 2516 πθίοῦντες,
1643 2467 1758 2510 ἀλλ’

337 2523 400 2570 ὡς
431 2523 534 2563 οἶόν
565 2541 609 2563 τε
643 2524 1058 2593 ταραχωδέστατα
1088 2523 1346 2567 διάκεισθε·
1383 2524 1758 2574 συνεληλύθατε

336 2583 422 2631 μὲν
462 2597 570 2633 Ὑαρ,
605 2581 667 2627 (ὃς
705 2579 814 2622 δέθν
848 2583 971 2635 ὑμᾶς
1007 2581 1056 2630 ἐξ
1095 2582 1328 2624 ἁπάυτίῦν
1368 2585 1465 2624 Τῶν
1501 2581 1758 2637 ῥηθέντων

338 2634 629 2682 ἐκλέξασθαι
655 2638 707 2678 τὸ
741 2636 1026 2692 βέλτιστον·
1061 2640 1217 2694 ὥςπερ
1245 2637 1287 2681 δ’
1318 2637 1407 2688 ηδη
1439 2642 1608 2695 σαφῶς
1640 2637 1759 2682 ειδό-

336 2711 414 2740 τες
448 2692 470 2733 ὃ
505 2696 751 2748 πρακτέον
785 2697 932 2744 ἐστὶν,
968 2697 1022 2739 οὐ
1063 2657 1225 2739 θέλετε
1261 2696 1460 2738 ἀκούειν
1497 2696 1623 2745 πλὴν
1658 2699 1758 2739 τῶν

337 2752 407 2798 εἷς
439 2746 623 2799 ἡδονην
662 2749 1100 2806 δημηγορούντων.
1142 2753 1300 2796 καίτοι
1337 2759 1585 2808 προσῆκεν
1619 2753 1757 2805 ὑμᾶς,

338 2806 469 2861 ε’ίπερ
499 2804 774 2861 ἐβούλεσθε
810 2808 973 2857 ζητεῖν
999 2812 1052 2852 τὸ
1086 2814 1139 2866 τῇ
1167 2809 1314 2852 πόλει
1347 2812 1612 2865 συμφέρον,
1642 2809 1757 2863 μᾶλ-

336 2862 426 2905 λον
474 2870 581 2911 τοῖς
629 2866 1036 2919 ἐναντιουμένοις
1083 2874 1192 2916 ταῖς
1234 2868 1489 2922 ὑμετέραις
1537 2866 1760 2921 γνωμαις

336 2922 603 2976 προσέχειν
631 2922 715 2963 Τὸν
741 2926 858 2964 νοῦν
886 2942 909 2971 η
934 2929 1043 2972 Τοῖς
1072 2923 1442 2996 χαρίζοιμένοίς,
1466 2921 1700 2972 εἰδότας
1686 2926 1760 2966 όΤι

336 2980 428 3018 τῶν
462 2975 636 3020 ἐνθάδε
668 2981 956 3034 παριόντων
989 2983 1032 3021 οἱ
1066 2985 1150 3033 μὲν
1179 2980 1201 3022 ἃ
1232 2980 1512 3036 βούλεσθε
1511 2979 1761 3035 λέγοντες
