1924 3314
304 220 358 259 22
829 216 885 256 H.
919 214 1217 255 STEPHANI

307 340 441 378 quens,
461 325 619 364 scribit:
651 326 750 363 Haec
767 326 866 362 enim
884 337 960 362 non
981 323 1285 362 Lacedaemoniis
1306 325 1424 362 solum
1437 327 1550 374 (puto
1569 323 1672 361 euim
1694 325 1736 360 οὒ

306 388 618 437 Λακεδαιμονίοις
649 388 766 434 μόνον
797 399 882 423 eum
920 385 1149 433 scripsisse),
1180 383 1246 421 sed
1273 385 1366 421 aliis
1396 397 1542 435 quoque
1577 382 1738 427 Graecis,

304 453 418 498 atque
435 447 526 484 adeo
543 447 716 484 omnibus
731 445 962 491 hominihus,
977 445 1132 483 suadere
1153 444 1261 481 illum
1275 443 1450 489 dixerim,
1465 443 1586 481 multo
1605 442 1739 480 melius

303 522 413 558 quam
449 520 573 544 omnes
598 507 866 557 philosophae,
897 508 964 556 qui
995 507 1175 542 virtutem
1195 509 1230 541 et
1249 505 1484 542 honestatem
1499 505 1625 554 finem
1644 504 1736 540 vitae

303 570 559 607 constituunt.
616 568 693 611 Qui
714 568 820 604 locus
851 567 941 603 mihi
967 567 1004 603 in
1035 566 1250 603 memoriam
1271 573 1426 604 revocat
1448 565 1553 602 illum
1587 562 1736 602 Horatii

304 631 352 667 de
374 631 554 674 Homero,

514 726 534 739 “
551 721 623 759 Qui,
641 721 712 760 quid
729 721 770 750 sit
786 720 938 759 pulcrum,
951 720 1023 759 quid
1039 725 1139 760 turpe,
1155 720 1226 758 quid
1241 719 1326 754 utile,
1344 718 1415 758 quid
1432 729 1500 754 non,

556 771 679 801 Plenius
694 781 729 799 ao
744 769 852 799 melius
864 770 1037 809 Chrysippo
1051 776 1080 799 ct
1092 771 1238 800 Crantore
1254 770 1360 799 dicim

304 866 363 900 Ac
383 862 537 899 omnino
557 868 658 899 certe
680 861 813 898 similis
832 867 892 896 est
921 872 1008 909 quae
1036 859 1114 896 illic
1134 858 1295 895 Isocrati
1321 870 1343 894 a
1365 857 1554 906 Dionysio
1575 857 1656 894 laus
1676 857 1740 894 tri·

303 923 445 960 buitur.
502 923 608 957 Inter
639 922 734 957 alios
753 927 882 956 autem
915 920 1021 956 locos
1049 918 1189 967 quibus
1221 918 1324 955 illius
1355 917 1551 955 orationes
1577 916 1737 954 mirifice

303 980 559 1024 commendat,
587 992 663 1016 non
693 978 764 1026 (uti
798 978 893 1024 dixi)
927 978 975 1014 ad
1006 978 1128 1027 ipsam
1157 977 1430 1021 elocutionem,
1457 990 1585 1014 verum
1615 976 1663 1014 ad
1692 988 1738 1013 ea

304 1054 391 1091 quae
411 1041 460 1077 ab
489 1039 554 1076 illo
574 1039 768 1084 dicuutur,
789 1036 1007 1086 respiciens,
1029 1037 1249 1087 praecipuus
1276 1050 1359 1074 esse
1380 1036 1546 1081 videtur,
1566 1036 1632 1073 ubi
1653 1037 1738 1073 Iso-

301 1109 444 1138 cratem
458 1106 496 1136 et
511 1099 662 1149 Lysiam
676 1098 774 1135 inter
785 1111 826 1134 se
841 1109 1083 1146 comparans,
1103 1104 1310 1147 postquam
1331 1097 1503 1146 scripsit:
1521 1097 1567 1134 τά
1580 1112 1618 1134 τε
1636 1097 1739 1134 ἄλλα

301 1162 373 1199 ὅσα
398 1164 480 1211 περὶ
507 1163 573 1206 τὴν
600 1161 862 1211 πραγματικὴν
890 1161 1106 1209 οἰκονομίαν
1133 1159 1234 1195 ἐστὶν
1257 1157 1401 1206 ἀγαθὰ,
1431 1161 1560 1210 πολλῷ
1587 1160 1739 1209 μείζονα

301 1223 379 1260 ἐστὶ
397 1224 479 1272 παρ’
497 1221 695 1266 Ἰσοκράτει
714 1222 771 1257 καὶ
789 1224 988 1267 κρείττονα,
1011 1219 1211 1267 subjungit
1238 1219 1323 1265 ista,
1349 1219 1384 1255 in
1420 1220 1561 1269 quibus
1587 1218 1739 1256 videtur

301 1283 428 1332 aliqua
459 1295 505 1319 ex
535 1288 643 1330 parte
670 1281 763 1330 ipsis
793 1281 973 1318 Isocratis
993 1280 1119 1317 verbis
1147 1279 1332 1316 insistere.
1392 1279 1490 1316 Haec-
1518 1279 1618 1316 enim
1651 1286 1740 1316 sunt

302 1356 388 1392 quae
425 1342 648 1391 subjUngit:
695 1342 863 1392 μάλιστα
895 1341 924 1378 δ’
959 1343 980 1385 ἡ
1012 1341 1225 1390 προαίρεσις
1252 1343 1272 1385 ἡ
1302 1347 1373 1378 τῶν
1407 1342 1533 1387 λόγων
1561 1342 1641 1390 περὶ
1677 1342 1739 1383 οὓς

299 1402 510 1447 ἐσπούδαζε,
531 1405 590 1438 καὶ
605 1409 675 1439 τῶν
690 1401 904 1439 ὑποθέσεων
923 1402 964 1439 τὸ
983 1402 1137 1446 κάλλος,
1149 1401 1189 1437 ἐν
1204 1399 1265 1443 αἷς
1285 1402 1438 1438 ἐποιεῖτο
1453 1403 1522 1443 τᾶς
1542 1399 1738 1451 διατριβάς

299 1467 402 1512 (nam
430 1464 522 1500 illud
543 1467 756 1513 προαίρεσις
777 1470 813 1500 et
838 1464 913 1500 hoc
944 1461 1138 1511 διατριβάς
1157 1475 1203 1499 ex
1223 1463 1307 1512 ipso
1329 1463 1494 1500 mutuari
1506 1462 1676 1508 videtur,
1693 1459 1739 1501 *ut

301 1525 339 1560 in
359 1524 612 1573 sequentibus
632 1523 860 1571 ostendam)·
881 1524 916 1569 ἐξ
933 1521 985 1560 ὦν
1005 1525 1046 1559 οὒ
1064 1524 1191 1570 λέγειν
1207 1522 1344 1565 δεινοὺς
1364 1526 1479 1573 μόνον
1498 1523 1741 1573 ἀπεργάσαιτ’

299 1586 347 1621 ἂν
367 1585 452 1626 τούς
470 1585 728 1634 προσέχοντας
743 1587 841 1635 αὐτῷ
855 1585 918 1621 τὸν
932 1584 1148 1628 νοῦνμὶλλοί
1168 1585 1225 1619 καὶ
1244 1586 1292 1620 τά
1310 1582 1385 1628 ἥὲη
1406 1583 1638 1628 σπουδαίους,
1655 1585 1740 1634 οἴκῳ

298 1661 335 1684 τε
355 1649 414 1683 καὶ
432 1649 536 1684 πόλει
548 1649 607 1683 καὶ
625 1646 692 1700 ὅλῃ
709 1645 919 1694 τῇἻΞλλάδι
933 1648 1151 1696 χρησίμους.
1171 1645 1346 1695 κράτιστα
1359 1649 1433 1695 γάρ
1451 1645 1492 1690 δὴ
1506 1644 1738 1695 παιδεύματα

297 1708 387 1758 πρὸς
424 1709 556 1758 ἀρετὴν
589 1707 628 1744 ἐν
663 1712 739 1748 τοῖς
766 1707 997 1755 Ἰσοκράτους
1036 1705 1136 1742 ἐστὶν
1164 1707 1280 1756 εὑρεῖν
1316 1708 1460 1753 λόγοις.
1528 1705 1740 1755 Sequentia

299 1775 441 1812 autem,
464 1781 551 1817 quae
565 1767 697 1804 eodem
718 1767 927 1817 pertinent,
942 1766 995 1803 ibi
1015 1765 1181 1803 videnda
1202 1766 1273 1802 tibi
1291 1767 1483 1816 relinquo.
1540 1766 1615 1803 Sed
1633 1765 1736 1813 quod

296 1827 386 1872 dixi,
413 1839 500 1864 eum
533 1827 642 1864 initio
675 1826 790 1874 hujus
821 1826 1006 1863 sermonis
1041 1825 1136 1875 ipsis
1161 1826 1344 1868 Isocratis
1374 1826 1500 1863 verbis
1536 1825 1664 1875 aliqua
1691 1839 1739 1863 ex

297 1894 407 1937 parte
426 1886 546 1923 videri
567 1887 758 1930 insistere,
777 1899 800 1923 a
820 1898 881 1922 me
900 1885 1047 1922 dictum
1067 1886 1166 1922 scias
1184 1886 1310 1930 velim,
1331 1893 1491 1936 propter
1510 1886 1574 1923 illa
1598 1886 1737 1924 verba:

295 1947 461 1997 μάλιστα
481 1945 508 1982 δ’
520 1948 542 1990 ἡ
554 1949 765 1997 προαίρεσις
782 1948 887 1990 ἡτῶν
906 1946 1033 1992 λόγων
1051 1946 1133 1995 περὶ
1151 1947 1213 1987 οὓς
1231 1945 1443 1991 ἐσπούδαζε,
1463 1959 1536 1984 nec
1555 1959 1630 1984 nou
1651 1947 1737 1984 illa:

295 2008 335 2045 ἐν
354 2005 414 2049 αῖς
432 2007 588 2044 ἐποιεῖτο
607 2009 672 2048 τὰς
691 2004 898 2056 διατριβάς.
931 2006 1107 2055 Legimus
1137 2005 1236 2042 enim
1254 2006 1361 2056 ,apud
1382 2006 1505 2055 ipsum
1528 2006 1737 2045 Isocratem

299 2068 458 2105 Panath.
479 2072 510 2114 ξ.
530 2067 571 2106 δ’.
600 2070 698 2112 πλὴν
727 2067 782 2104 ὅτι
810 2068 892 2117 περὶ
916 2069 981 2111 τὴν
1009 2070 1233 2117 φιλοσοφίαν
1258 2071 1304 2112 ἢν
1323 2069 1564 2118 προειλόμην,
1585 2069 1739 2120 ἀτυχίαι

293 2127 390 2170 τινὲς
407 2130 469 2178 μοὶ
488 2129 547 2164 καὶ
578 2131 817 2179 συκοφαντίαι
837 2128 1030 2175 γεγόνασι.
1062 2129 1192 2177 Atque
1221 2134 1263 2164 ut
1293 2127 1355 2164 hic
1385 2128 1478 2165 dicit
1498 2131 1737 2179 προειλόμην,

298 2189 350 2225 ita
378 2191 679 2239 προαιρούμενος,
702 2188 751 2225 de
772 2200 810 2224 re
830 2187 976 2231 cadem,
1001 2188 1037 2224 in
1064 2188 1151 2225 loco
1172 2187 1238 2237 qui
1265 2188 1365 2225 huuc
1395 2201 1512 2238 parvo
1538 2188 1738 2227 intervallo

296 2248 480 2298 praecedit
495 2261 504 2284 ε
524 2247 607 2290 τοὺς
621 2248 657 2284 δὲ
672 2248 809 2285 εἰδέναι
824 2250 960 2292 ποιήσω
979 2250 1061 2298 περὶ
1072 2250 1096 2285 ἃ
1114 2251 1401 2298 προαιρούμενος
1420 2253 1597 2299 τυγχάνω
1611 2249 1741 2301 διατρί-

294 2308 390 2355 βειν.
426 2308 564 2357 Neque
584 2308 683 2344 enim
702 2308 838 2345 dubito
859 2307 951 2358 quin
973 2308 1034 2346 hic
1053 2308 1185 2345 eadem
1200 2308 1248 2345 de
1269 2321 1309 2345 re
1330 2308 1520 2357 loquatur,
1538 2309 1587 2347 de
1605 2322 1682 2359 qua
1700 2317 1739 2348 ct

296 2370 333 2405 iu
347 2368 411 2405 illo
430 2367 552 2405 altero
571 2367 660 2405 loco
676 2380 685 2405 ι
708 2368 773 2405 ubi
792 2381 871 2405 suae
892 2368 1162 2418 philosophiae,
1176 2369 1214 2406 id
1228 2375 1287 2406 est
1305 2368 1391 2418 ejus
1404 2382 1519 2419 quam
1536 2374 1739 2420 προείλετο,

298 2427 527 2465 mentionem
548 2428 654 2464 facit.
713 2428 770 2465 De
787 2441 862 2478 qua
883 2428 1128 2478 philosophia
1147 2429 1184 2466 iu
1209 2429 1387 2467 Diatribe
1411 2431 1546 2480 quinta
1563 2431 1737 2470 dicturus

298 2501 379 2526 sum
398 2501 406 2524 :
437 2487 508 2525 alia
528 2487 639 2524 etiam
661 2487 778 2526 multa
810 2501 895 2536 quae
924 2502 972 2527 cx
992 2490 1179 2540 Dionysio
1204 2490 1247 2527 iis
1267 2503 1354 2540 quae
1374 2491 1486 2528 attuli
1511 2491 1630 2541 adjici
1651 2506 1739 2543 pos-

298 2554 395 2594 sent,
414 2548 518 2598 apud
550 2561 634 2586 eum
655 2548 818 2586 videnda
849 2550 917 2587 tibi
952 2550 1183 2600 relinquenS,
1209 2564 1255 2589 ac
1281 2551 1478 2601 praecipua
1508 2553 1577 2591 tibi
1598 2565 1739 2604 propo-

299 2609 417 2646 suisse
437 2615 655 2647 contentus.

349 2672 421 2718 (2.)
441 2669 503 2706 Ad
531 2676 675 2720 partem
707 2671 864 2709 alteram
896 2671 1010 2721 hujus
1042 2673 1239 2710 Diatribes
1267 2673 1426 2718 accedo,
1447 2673 1484 2710 in
1511 2687 1587 2723 qua
1609 2687 1666 2712 me
1686 2676 1736 2714 de

297 2729 341 2766 iis
356 2742 443 2779 quae
465 2729 674 2779 Dionysius
695 2730 1007 2770 Halicarnasseus
1024 2734 1061 2770 in
1075 2733 1246 2771 Isocrate
1261 2733 1523 2784 reprehendit,
1539 2734 1734 2774 dicturum

299 2790 467 2840 promisi.
525 2791 562 2828 Is
583 2791 699 2841 igitur
726 2791 763 2829 in
793 2792 908 2841 hujus
938 2795 1102 2832 oratoris
1126 2795 1214 2839 vita,
1242 2795 1383 2844 figuras
1415 2794 1600 2845 quasdam
1630 2797 1734 2846 apud

299 2864 385 2888 eum
417 2850 469 2888 ita
498 2851 654 2889 crebras
691 2865 773 2890 esse
815 2854 945 2891 scribit
989 2855 1228 2904 (cujusmodi
1265 2862 1355 2892 sunt
1388 2868 1660 2904 paromoeoses‚
1695 2866 1735 2894 et

300 2912 500 2962 parisoses,
525 2919 560 2949 et
593 2914 795 2961 antitheta)
822 2922 862 2952 ut
896 2916 1052 2966 reliqum
1078 2924 1281 2955 structurae
1315 2916 1500 2954 orationis
1530 2917 1737 2956 incommo-
