1924 3314
486 227 548 268 IN
581 225 936 269 ISOCRATEM
971 224 1297 267 DIATRIBAE.
1569 220 1617 261 11

170 340 354 392 legenda*
375 341 612 391 relinquens,
649 342 698 379 ad
740 342 900 379 alterum
934 355 955 378 e
988 340 1141 378 duobus
1177 337 1621 389 posterioribuswveuioe

166 401 280 450 cujus
299 414 320 438 a
346 401 530 452 Dionysio
552 402 844 440 Halicarnasseo
865 401 908 439 fit
928 401 1088 439 mentio.
1148 401 1186 437 Is
1207 402 1306 438 enim
1327 401 1364 438 in
1386 412 1455 436 suo
1474 398 1524 435 de
1539 403 1621 434 arte

167 461 361 499 rhetorica
378 462 510 499 libello
539 462 793 500 Echecratem
815 463 1069 512 compellans,
1089 462 1276 499 Isocratis
1301 460 1626 510 cujusdam-men-

167 522 309 559 tionem
331 522 426 559 facit
448 523 514 572 qui
534 536 627 560 suus
645 523 794 573 pariter
813 530 850 560 et
872 523 1100 560 Echecratis
1116 522 1257 560 sodalis
1278 522 1406 559 fuerit.
1599 513 1601 515 ¹

217 585 288 631 (2.)
317 584 559 632 Opusculum
585 585 633 622 ad
658 584 916 621 Demouicnm
949 584 1152 633 scriptum,
1179 596 1245 620 seu
1271 582 1489 619 Demonico
1516 580 1624 617 dica-

165 649 261 688 tum,
283 658 366 681 esse
387 644 542 694 quidem
564 645 763 689 Isocratis,
790 645 857 682 sed
886 658 960 682 non
984 645 1068 694 ejus
1089 644 1272 681 Isocratis
1292 643 1405 691 cujus
1424 650 1461 680 et
1482 647 1625 678 caetera

165 717 253 754 quae
274 712 425 743 exstant
444 706 520 742 sive
542 719 674 755 opera,
704 707 779 743 sive
806 708 1010 755 opuscula,
1039 705 1201 742 Wolfius
1222 705 1410 753 interpres
1435 694 1507 739 sibi
1538 714 1625 751 per-

166 766 328 803 suadere
349 779 424 803 non
446 767 593 816 potuit:
625 774 665 803 ut
689 767 775 803 haec
802 767 888 815 ejus
910 767 1025 803 verba
1046 767 1274 810 ostendunt,
1295 770 1304 786 ‘
1321 764 1523 804 Caeterum-
1535 762 1625 812 quia

165 817 352 876 pleraque
373 830 539 871 nomina,
560 840 647 876 quae
675 827 830 875 propria
858 827 1058 872 dicuntur,
1079 829 1254 876 ὁμώνυμα
1274 832 1376 870 sunt,
1407 825 1447 862 id
1473 830 1545 869 est,
1569 823 1626 860 di:

164 889 281 925 versis
302 889 474 938 personis
492 888 737 929 tribuuntur:
770 888 982 925 notandum
1009 895 1079 933 est,
1110 886 1457 936 Harpocrationem
1479 899 1524 922 ex
1550 885 1625 921 hoc

163 948 295 986 libello
328 950 448 986 citare
479 949 706 987 sententiam
729 948 963 997 Ἰσοκράτους
993 949 1325 986 Ἀπολλωνιάτουε
1366 949 1431 985 sed
1451 952 1507 983 >et
1539 958 1624 982 ora-

164 1008 279 1046 tionis
296 1016 334 1047 et
352 1010 660 1060 praeceptionum
681 1009 720 1046 id
742 1023 864 1059 genus
889 1017 960 1054 est,
983 1016 1024 1047 nt
1050 1023 1070 1047 a
1096 1010 1254 1059 reliquis
1277 1007 1527 1046 Atheniensis
1547 1007 1626 1043 Iso-

162 1071 281 1109 cratis
296 1072 449 1120 scriptis
466 1071 619 1108 minime
633 1071 870 1108 abhorreat!
894 1072 993 1109 Haec
1010 1071 1094 1109 ille:
1118 1078 1156 1108 at
1172 1084 1245 1121 ego
1259 1076 1394 1108 contra
1411 1080 1623 1107 sermonem

163 1133 249 1182 ejus
270 1132 451 1182 quaedam
471 1132 615 1169 habere
636 1133 726 1170 dico
747 1133 783 1170 in
812 1133 954 1182 quibus
978 1133 1134 1171 minime
1155 1147 1243 1170 cum
1273 1131 1521 1170 Atheniensis
1542 1130 1626 1166 Iso-

161 1195 279 1232 cratis
317 1208 492 1232 sermone
526 1195 747 1232 conveniat.
819 1196 918 1232 Nam
950 1202 992 1232 ut
1024 1196 1072 1233 de
1107 1196 1291 1233 adverbio
1310 1197 1443 1245 ἀκμὴν,
1464 1206 1534 1242 pro
1560 1191 1626 1236 ἔτι,

160 1255 274 1304 cujus
289 1256 380 1293 alibi
396 1269 417 1293 a
434 1270 492 1294 me
506 1255 549 1293 fit
564 1258 720 1302 mentio,
736 1263 882 1294 taceam
892 1258 1121 1307 (praesertim
1137 1270 1256 1307 quum
1270 1256 1342 1294 alia
1356 1262 1479 1294 exstet
1491 1254 1626 1298 lectio‚·

161 1316 370 1354 utibidem
386 1317 540 1366 doceo),
553 1318 639 1356 διότι
662 1318 756 1355 dicit
770 1318 836 1355 ubi
854 1318 910 1356 ὅτι
925 1319 1195 1357 tantummodo
1216 1319 1358 1355 habere
1374 1317 1504 1354 locum
1519 1315 1625 1366 apud

159 1379 439 1416 Atheniensem
461 1380 672 1417 Isocratem
698 1387 831 1430 posset
857 1384 885 1427 ξ.
908 1380 954 1417 ς’.
984 1382 1143 1432 ἐνθυμοῦ
1171 1380 1210 1418 δὲ
1229 1380 1318 1429 διότι
1336 1384 1413 1422 τοῖς
1438 1377 1505 1429 μὲν
1534 1378 1625 1429 φαύ-

161 1442 244 1483 λοις
264 1439 457 1491 ἐνδέχεται
477 1443 522 1478 τὰ
542 1443 706 1494 τυχόντα
731 1441 921 1492 πράττειν’.
978 1444 1028 1479 At
1054 1442 1094 1479 in
1114 1442 1278 1492 Polybio
1301 1442 1402 1478 hunc
1424 1439 1625 1491 particulae

160 1501 251 1539 διότι
272 1515 383 1539 usum
402 1505 540 1551 (quem
563 1501 727 1540 fortasse
748 1503 911 1540 abusum
933 1502 1116 1540 Isocratis
1140 1502 1323 1540 saeculum
1349 1503 1542 1548 vocasset)
1565 1512 1624 1536 me

160 1575 265 1613 saepe
279 1563 505 1600 observasse
524 1564 700 1601 memini:
732 1563 834 1601 sicut
849 1570 888 1601 et
902 1564 994 1601 iilud
1017 1567 1153 1615 α’κμὴν,
1168 1563 1441 1601 adverbialiter
1454 1562 1625 1612 positum

158 1637 229 1674 pro
248 1623 317 1661 ἔτι.
373 1619 458 1661 Nec
477 1624 603 1661 minus
629 1627 687 1671 (ut
716 1625 869 1674 opinor)
905 1626 1015 1663 abuti
1030 1626 1232 1675 judicatus
1253 1625 1387 1663 fuisset
1404 1624 1540 1661 vocula
1561 1621 1626 1669 ὧν,

159 1698 244 1722 eam
273 1697 422 1735 ponens
453 1697 523 1734 pro
544 1689 656 1723 τίνων
685 1689 715 1733 ξ.
735 1685 786 1733 β.’
806 1689 992 1737 μέλλομεν
1013 1688 1071 1725 σοὶ
1093 1686 1359 1738 συμβουλεύειν
1379 1683 1429 1723 ὦν
1449 1689 1521 1736 χρὴ
1541 1684 1625 1727 τούς

156 1749 350 1798 νεωτέρους
384 1747 591 1796 ὀρέγεσθαι,
623 1750 683 1784 καὶ
708 1751 818 1787 τίνων
844 1747 963 1799 ἔργων
993 1750 1213 1799 ἀπέχεσθαι.
1283 1749 1470 1798 Idemque
1505 1748 1623 1784 latum

151 1807 347 1857 judicium
365 1807 501 1845 fuisset
518 1808 567 1845 de
589 1808 662 1845 hoc
680 1808 768 1845 loco
784 1810 850 1858 qui
865 1816 923 1846 est
943 1810 979 1846 in
1002 1810 1125 1858 primo
1142 1809 1259 1859 hujus
1273 1810 1451 1859 opusculi
1469 1809 1624 1847 limine:

157 1872 346 1921 τεκμήριον
363 1868 432 1920 μὲν
451 1877 516 1915 τῆς
536 1869 629 1916 πρὸς
649 1873 747 1920 ἡμᾶς
767 1873 909 1922 φιλίας.
977 1871 1086 1908 Tunc
1113 1871 1212 1909 enim
1240 1871 1429 1908 neminem
1462 1883 1537 1907 non
1571 1870 1626 1906 di-

157 1938 310 1970 cturum
343 1929 460 1968 fuisse
490 1941 556 1977 τῆς
586 1932 676 1979 πρὸς
709 1933 901 1977 ἀλλήλους
927 1935 1050 1984 φιλίας
1069 1932 1260 1969 existimo.
1318 1932 1417 1969 Aliae
1437 1928 1627 1981 praeterea'

159 2000 248 2032 sunt
271 1992 518 2042 quorundam
537 1994 740 2031 verborum
768 1995 1080 2032 constructiones
1098 2008 1212 2044 quam
1236 2007 1323 2044 quae
1352 1993 1536 2031 isocratis
1553 2006 1624 2030 sae-

159 2056 248 2094 culo
270 2054 354 2091 dari
385 2053 461 2091 illis
489 2055 677 2099 solerent,-
697 2062 740 2093 ut
771 2056 885 2093 καλὸν
913 2055 982 2106 μὲν
1014 2058 1127 2107 ἔργον
1147 2057 1411 2108 ἐπιχειροῦσιν,
1434 2068 1552 2105 quum
1577 2068 1623 2091 eo

161 2115 307 2154 saeculo
326 2115 521 2154 diceretur
535 2120 638 2169 καλῷ
657 2117 727 2168 μὲν
745 2116 842 2170 ἔργῳ
860 2118 1124 2169 ἐπιχειροῦσιν.
1153 2118 1218 2156 Sic
1238 2120 1369 2167 στέργε
1388 2120 1433 2154 τὰ
1454 2118 1623 2167 παρόντα

160 2181 195 2226 ξ.
215 2174 255 2215 δ’.
270 2177 372 2216 med.
391 2189 509 2226 quun]
527 2178 720 2215 Isocrates
738 2179 828 2216 huic
844 2179 962 2215 verbo
979 2181 1149 2229 στέργειν
1165 2179 1338 2215 dativum
1360 2177 1523 2216 tribuat:
1549 2178 1622 2216 sic-

160 2247 203 2278 ut
229 2246 268 2277 et
300 2241 350 2278 ab
373 2240 456 2277 aliis
482 2239 624 2289 passim
655 2240 772 2277 tribui
797 2241 985 2278 videmus.
1057 2241 1208 2277 Dubito
1233 2240 1347 2277 etiam
1375 2252 1422 2277 an
1449 2239 1543 2277 πολὺ
1571 2240 1623 2276 ita

159 2302 396 2352 superlativo
410 2301 594 2351 junctum
614 2302 829 2351 reperiatur
841 2302 944 2351 apud
962 2303 1175 2339 Isocratem
1198 2309 1240 2339 ut
1256 2302 1367 2338 initio
1389 2302 1505 2351 hujus
1523 2315 1622 2351 opu-

159 2363 255 2401 sculi
273 2363 471 2400 habemus.
519 2364 617 2400 Sunt
633 2376 721 2400 vero
734 2369 774 2400 et
790 2363 1017 2412 pleonasmi,
1033 2376 1130 2413 quos
1150 2366 1212 2412 (ut
1225 2376 1308 2400 mea
1321 2363 1396 2400 fert
1414 2364 1620 2409 sententia)
1634 2385 1636 2387 -

158 2438 231 2463 nec
251 2425 442 2462 Isocrates
464 2423 536 2460 sibi
560 2424 831 2469 concessisset,
851 2438 923 2461 nec
951 2424 1050 2460 iuius
1075 2424 1204 2461 saeculi
1225 2437 1335 2462 aures
1357 2424 1453 2462 ferre
1474 2424 1621 2474 potuis-

159 2493 258 2524 sent.
317 2486 376 2522 Ex
397 2485 531 2522 horum
549 2498 708 2522 numero
725 2491 798 2529 est,
814 2488 859 2522 τὰ
872 2492 944 2522 τῶν
961 2487 1105 2535 τρόπων
1120 2485 1207 2532 ἤθη,
1221 2486 1258 2523 in
1273 2486 1357 2537 ipso
1377 2486 1517 2532 limine,
1536 2488 1623 2524 ἀλλ’

157 2548 262 2590 ὅπως
280 2549 326 2585 τὰ
344 2553 417 2585 τῶν
431 2547 577 2596 τρόπων
595 2549 663 2592 ἢθη
686 2547 877 2584 σπουδαῖοι
899 2549 1099 2598 πεφυκέναι
1118 2547 1273 2591 δόξουσι.
1322 2550 1379 2585 Ac
1395 2561 1466 2585 nec
1480 2549 1622 2586 nomini

156 2612 265 2660 ἀρετὴ
299 2608 504 2658 genitivum
531 2608 677 2658 τρόπων
707 2608 850 2646 addere
880 2609 927 2656 (si
963 2608 1058 2646 bene
1092 2609 1262 2656 memini)
1291 2610 1483 2647 Isocrates
1511 2611 1619 2648 solet.

158 2671 379 2716 Quinetiam
417 2670 537 2720 ipsius
579 2670 767 2707 sermonis
806 2677 1038 2708 structuram
1079 2671 1191 2721 longe
1222 2684 1307 2708 esse
1345 2672 1458 2709 aliam
1501 2683 1631 2722 quarn·

159 2734 262 2785 apud
297 2734 522 2779 Isocratem,
553 2732 668 2770 facile
699 2732 1074 2782 animadvertetqui
1115 2746 1232 2771 unum
1264 2747 1350 2771 cum
1382 2734 1504 2771 altero
1537 2733 1620 2771 dili-

159 2803 293 2849 genter
329 2795 517 2834 confe'ret.
587 2794 692 2838 Quid
730 2794 834 2845 quod
863 2807 978 2832 voces
1007 2795 1082 2833 hoc
1113 2795 1150 2832 in
1191 2796 1380 2845 opusculo
1412 2796 1617 2845 quamplu-

160 2861 396 2903 rimae-sunt,
428 2857 643 2908 praesertim
673 2857 916 2907 compositae,
937 2869 1024 2907 quae
1052 2870 1240 2907 nusquam
1275 2855 1379 2908 apud
1410 2858 1634 2895 Isocratem·

159 2916 413 2973 comparent?
445 2922 613 2957 Acsunt
636 2925 741 2955 certe
761 2918 951 2956 vocabula
973 2932 1061 2968 quae
1083 2919 1155 2956 hac
1177 2920 1214 2956 in
1239 2932 1277 2956 re
1299 2914 1544 2969 perspicaces
1560 2918 1616 2954 in—

163 2982 290 3021 dolem
311 2981 376 3020 alii
409 2981 539 3032 potius
572 2979 730 3026 saecuio‚
750 2979 853 3031 quod
886 2980 1085 3018 Isocrateo
1111 2980 1303 3031 posterius
1325 2980 1450 3024 fuerit,
1474 2973 1634 3017 conve-'
