1914 3314
541 231 1189 276 ΑΡΕΟΠΑΓΙΤΙΚΟΣ.

1493 223 1597 281 367

168 348 372 407 ’.πολλους
398 348 609 400 τίθεσθαι
630 346 731 405 τοὺς
746 348 891 415 νόμους
907 343 1276 436 οἷνοιγκάζεσθοιι.
1305 342 1413 396 1δεῖν
1438 342 1478 397 δὲ
1506 367 1605 404 τους

177 423 333 498 253&oe
359 421 715 492 πολιτευομένους
735 421 779 472 οὐ
799 418 886 477 τοὶς
909 416 1050 476 cra-0024·
1076 416 1358 488 ἓμπιπλοιναι
1385 417 1605 512 «γραμμαί-

172 521 274 559 των,
295 495 434 548 ἀλλ”
419 521 456 548 εν
474 506 574 554 ταῖς
590 491 806 562 ψυχαῒς”
787 516 904 559 εχειν
923 516 975 543 το
965 489 1170 544 δι’·κοιιον
1193 515 1236 544 ου
1257 492 1346 583 ’γάρ
1362 503 1450 552 τοῖς
1466 491 1606 560 ᾦηφι-
1629 503 1701 538 146

172 594 344 641 &fhoca-cv
367 570 498 623 οἱλλοὶ
525 594 613 628 τοις
635 567 769 630 ἤθεα-ι
794 581 947 624 κοιλως
966 565 1190 618 οἰκεῖσθαι
1210 567 1297 624 τοὶς
1329 568 1495 628 πόλεις,
1527 591 1606 618 και

173 669 274 704 τους
295 643 372 713 μὲν
401 669 550 703 κακως
573 644 900 718 τεθραμμένους
929 664 1012 692 και
1041 664 1142 700 τους
1161 639 1352 709 οἷκριζως
1372 666 1454 692 των
1479 643 1608 711 νόμων

424 752 434 770 ¹
458 750 502 780 δεῖ
513 750 549 779 Α.

171 815 344 856 τευομένους·
359 817 410 846 off.
427 816 606 856 sequentia,
597 826 605 832 ·
629 820 659 845 et
671 816 707 845 ad
722 816 778 844 hos
795 814 873 844 refe-

173 865 257 889 ratur
273 860 429 898 passivum
447 856 668 898 ἀναγκάζεσθαι,
691 859 749 887 hoc
766 867 874 887 sensu:

171 903 244 941 ipsos
261 903 337 931 enim
359 901 442 942 (eos,
458 903 507 940 qui
530 911 628 939 remp.
649 898 876 936 administrant)

173 947 198 974 si
210 945 299 974 velint
315 945 419 974 obicem
434 953 541 982 ponere
560 942 725 982 malefactis
745 940 875 980 (ἐμφςά-

173 997 280 1026 γματα
295 985 468 1025 ποιουμένους
483 988 538 1014 τῶν
551 984 782 1024 ἅμαξτημάτων.
827 982 875 1011 Si-

174 1029 236 1058 mili
251 1029 398 1063 dictione,
408 1028 537 1061 ἁπάσας
553 1029 608 1060 τὰς
621 1027 694 1061 ὁδους
710 1028 764 1055 τῶν
779 1024 873 1055 ἀδικη-

173 1071 276 1111 μάτων
303 1069 462 1110 ἐνέφραξαν,
490 1069 571 1100 dixit
608 1070 766 1108 Lycurgus
803 1068 874 1097 adv.

174 1115 282 1143 Leocr.
312 1115 340 1154 §.
361 1113 425 1153 λ’.),
452 1113 560 1142 multas
591 1112 664 1152 leges
685 1111 772 1152 ferre
802 1112 876 1151 cogi.

175 1157 268 1193 Quia,
291 1157 316 1186 si
345 1167 381 1186 eo
404 1160 519 1185 tantum
542 1155 670 1185 consilio
698 1155 781 1194 leges
805 1154 876 1183 ferri

173 1199 323 1235 debeant,
337 1209 486 1237 nunquam
520 1208 622 1228 earum
650 1198 875 1227 condendarum

173 1241 240 1271 finis
254 1243 353 1272 adest.
398 1242 451 1271 Sic
468 1241 559 1271 solita
582 1242 738 1270 Isocratea
753 1240 874 1269 concin-

174 1285 267 1315 nitate
287 1285 346 1315 sibi
362 1285 547 1324 respondent
567 1282 777 1324 ἐμφράγματα
791 1284 876 1313 ποιεῖ-

173 1327 247 1357 σθαι
263 1333 294 1357 et
303 1327 401 1368 νόμους
419 1325 563 1356 τίθεσθαι.
608 1327 757 1361 Wolfius,
774 1327 876 1364 legens

173 1369 329 1409 γίγνεσθαι,
344 1370 446 1404 αὐτοὺς
458 1369 634 1409 ποιουμένους
647 1375 807 1409 acceperat
820 1379 876 1408 pro

173 1413 266 1443 αὐτῶν
279 1413 454 1453 ποιουμένων,
469 1414 541 1442 dum
553 1413 794 1443 abstractionibus
810 1421 879 1451 pec-

173 1463 239 1486 cata
254 1456 403 1495 prohibere
424 1457 578 1486 nituntur.
623 1455 700 1485 Mihi
716 1455 877 1494 aliquando

176 1499 336 1529 videbatur
358 1499 424 1529 tolli
449 1498 621 1535 difficultas,
649 1499 675 1527 si
698 1507 752 1538 pro
779 1499 880 1530 αὐτοὺς

176 1541 293 1580 legatur
312 1541 345 1571 ἂν
368 1543 443 1577 τοὺς,
458 1543 520 1572 sic:
543 1551 587 1572 eos
608 1543 695 1576 enim,
718 1542 768 1581 qui
790 1543 878 1571 velint

173 1589 292 1622 peccata
307 1585 416 1625 legibus
438 1585 594 1620 obstruere,
608 1593 638 1614 eo
652 1585 711 1622 ipso
725 1585 788 1624 cogi
803 1583 879 1612 mul·

175 1635 222 1657 tas
236 1628 311 1669 leges
320 1626 423 1666 ferre.-
447 1629 529 1667 qnod
545 1638 612 1656 num
636 1627 741 1663 liceat,
756 1627 879 1656 videant

175 1671 248 1700 alii:
265 1681 377 1700 sensus
391 1672 471 1700 idem
489 1676 547 1700 est.
562 1671 666 1701 Insin-

221 1713 261 1743 Οὐ
284 1715 339 1746 τὰς
361 1715 450 1748 στοὰς
471 1712 655 1753 ἐμπιπλάναι
680 1712 878 1753 γραμμάτων]

177 1756 220 1786 Η.
235 1767 264 1785 e.
279 1755 377 1795 νόμων,
392 1767 460 1795 quae
483 1767 555 1786 mox
574 1755 758 1795 ψηφίσματα
773 1756 879 1785 dicun-

176 1804 236 1828 tur.
282 1800 380 1838 Leges
394 1800 474 1839 apud
490 1799 694 1829 Athenienses
710 1798 880 1837 descriptus

175 1842 204 1871 in
220 1842 389 1878 tabulis,·in
408 1843 541 1881 publicis
559 1842 636 1870 locis
652 1851 814 1880 suspensas
834 1842 880 1870 su-

175 1885 250 1920 isse,
268 1890 350 1914 recte
374 1890 476 1914 monet
493 1885 637 1914 wolfius:
662 1886 701 1913 cf.
725 1884 880 1914 Plutarch.

177 1927 207 1956 in
222 1928 286 1957 Sol.
301 1938 334 1966 p.
345 1929 397 1958 92.
412 1927 452 1958 A.
465 1928 505 1958 B.
549 1928 692 1966 Sequenti
705 1927 840 1957 dictione
855 1925 880 1956 ἔν

177 1971 244 2005 ταῖς
255 1969 367 2011 ψυχαῖς
379 1970 453 2010 ἔχειν
466 1971 499 2000 τὸ
513 1969 612 2000 δίκαιον
626 1970 718 2000 utitur
731 1971 802 2000 item
814 1971 879 2001 Xe-

179 2014 297 2052 nophon
315 2014 455 2052 Sympos.
469 2024 500 2052 p.
516 2016 590 2044 881.
605 2014 644 2042 B.
668 2013 773 2043 lnam.

219 2056 273 2085 Καὶ
289 2057 352 2089 τοὺς
362 2055 416 2095 μὲν
430 2059 520 2089 κακῶς
535 2055 718 2086 -ἐθελήσ-ειν
732 2054 880 2096 ἐμμένειν]

179 2098 271 2128 Ratio
301 2109 383 2128 nuno
406 2099 559 2128 reddenda
584 2107 717 2137 receptae
741 2099 881 2129 lectionis

177 2142 289 2177 ἅπλῶς.
334 2141 422 2171 Dicit
445 2143 611 2177 Isocrates,
641 2142 778 2172 homines
803 2142 880 2171 male

178 2184 348 2219 institutos,
373 2185 438 2219 τοὺς
467 2187 559 2218 κακῶς
586 2183 809 2226 τεθραμμένους,
831 2187 878 2214 vel

178 2227 413 2266 diligentissime
428 2229 570 2266 scriptas,
585 2227 633 2257 vel
651 2228 781 2267 optimas
797 2228 881 2267 leges

175 2269 318 2309 migrare,
328 2271 392 2304 τοὺς
402 2270 520 2310 ἀκριβῶς
534 2272 588 2300 τῶν
601 2270 690 2310 νόμων
701 2271 883 2311 ἀναγεγξαμ-

177 2311 287 2353 μένους,
303 2314 385 2343 idem
401 2315 464 2344 fere
477 2324 513 2343 ac
526 2315 550 2343 si
562 2314 696 2344 dixisset
709 2315 773 2348 τοὺς
791 2316 885 2347 καλῶς

176 2355 322 2395 κειμένους
335 2354 448 2394 νόμους-ε
475 2367 527 2386 eos
548 2360 664 2392 contra,
680 2357 730 2395 qui
747 2363 834 2386 caute
853 2362 884 2386 et

179 2399 357 2438 prudenter,
374 2399 403 2428 h.
419 2409 447 2428 e.
472 2401 549 2429 bene
571 2400 700 2430 instituti
723 2406 804 2434 sunt,
820 2399 885 2432 τοὺς

177 2442 320 2480 ἀσφαλῶς
341 2440 586 2481 πεπαιδευμένους,
611 2443 736 2472 eosdem
761 2452 796 2471 ac
821 2443 885 2475 τοὺς

178 2487 273 2519 καλῶς
295 2482 518 2525 τεθραμμένους,
531 2486 621 2515 etiam
645 2486 733 2515 bonis
750 2485 882 2524 legibus,

179 2528 239 2561 τοῖς
259 2530 354 2561 καλῶς
386 2527 533 2567 κειμένοις,
560 2528 685 2558 obedire
710 2528 799 2558 solere
808 2538 818 2564 ,·
851 2528 881 2557 id

180 2571 258 2600 enim
283 2570 378 2601 θέλειν
393 2571 442 2601 hio
464 2571 586 2601 videtur
607 2571 797 2610 significare:
830 2570 881 2600 eff.

181 2613 322 2643 Pierson.
339 2614 376 2643 ad
397 2615 506 2644 Moerin
529 2625 560 2654 p.
579 2616 653 2644 382.
667 2618 697 2643 et
714 2613 880 2644 D'Arnaud

181 2655 281 2686 Anim.
297 2657 372 2686 Crit.
399 2668 431 2697 p.
450 2659 522 2688 168.
566 2657 635 2687 Non
656 2661 738 2687 recte
757 2657 815 2686 sibi
836 2657 882 2686 in-

182 2699 278 2728 vicem
301 2701 489 2738 respondere
509 2699 662 2739 opposita,
678 2699 779 2738 quivis
795 2700 882 2729 facile

182 2742 301 2772 sentiet.
325 2743 404 2779 Quis
416 2743 494 2772 enim
507 2743 639 2778 dubitet,
655 2743 740 2782 quin,
753 2743 779 2772 si
792 2743 882 2772 homo

183 2784 258 2814 mule
273 2785 428 2815 institutus
445 2791 574 2825 nequeat
589 2786 678 2815 honis
693 2786 812 2824 legibus
832 2796 883 2815 eo-

183 2827 292 2863 erceri,
308 2833 337 2857 at
351 2834 435 2858 certe
450 2830 526 2859 bene
543 2829 703 2860 institutus
719 2829 756 2858 iis
769 2831 883 2858 obtem-

150 2881 155 2891 1
181 2877 290 2907 perare
316 2871 401 2902 velit.
444 2873 514 2902 ‘dam
542 2872 635 2902 sensit
657 2872 713 2901 hoc
737 2871 886 2906 Woitius,

185 2911 245 2949 qu'r
267 2917 426 2952 propterea
453 2925 510 2952 pro
533 2916 592 2949 τοῖς
618 2917 713 2948 καλῶς
742 2913 886 2955 κειμένοις,

187 2954 338 2985 emendari
348 2957 446 2987 voluit
456 2960 515 2991 τοῖς
526 2961 619 2992 κακῶς
631 2958 771 2997 κειμένοις.
788 2958 941 2996 Qunmy

187 2997 389 3035 conjecturam
413 3001 442 3030 in
462 3006 580 3031 textum
604 3007 784 3040 receperunt
810 3001 887 3030 Lan.

189 3038 256 3077 gius
272 3044 303 3069 et
318 3040 449 3080 Comen
473 3043 525 3073 ille
544 3049 552 3062 ⁸
568 3049 600 3074 ut
615 3048 733 3074 constet
756 3044 889 3085 (inquit)

1137 746 1150 764 ²
1170 744 1200 777 εἶ’]
1213 747 1251 777 Α.
1268 748 1302 777 G.
1321 748 1355 777 L.

910 812 1075 852 oppositio,
1091 819 1122 843 et
1138 813 1266 852 insignis
1283 814 1457 844 obedientia
1472 813 1611 853 designe-

899 861 971 891 tur,
1001 857 1118 895 qualem
1146 857 1315 895 Sophocles
1343 858 1490 895 postulat,
1519 868 1610 896 quum

908 897 1007 936 inquit
1018 899 1046 927 in
1058 899 1164 937 Antig.
1175 901 1249 929 666.
1264 898 1290 928 ὃν
1305 899 1387 933 πόλις
1399 899 1523 935 στήσειε,
1533 901 1612 929 τοῦδε

907 942 963 979 χςὴ
974 940 1065 970 κλύειν
1076 958 1120 963 -
1133 941 1181 969 καὶ
1196 943 1306 980 σμικρὰ
1322 942 1371 971 καὶ
1388 940 1483 970 δίκαια
1496 941 1545 971 καὶ
1557 942 1612 971 τοὶ-

909 982 1025 1012 ναντία.’
1070 983 1184 1012 Eadem
1210 984 1272 1012 fere
1292 985 1354 1021 jam
1370 984 1506 1013 wolfius
1530 990 1614 1014 nota-

910 1030 1007 1054 verat.
1051 1025 1162 1055 Omnia
1178 1035 1262 1061 sane,
1279 1027 1304 1055 si
1324 1027 1366 1055 ita
1380 1027 1508 1064 legatur,
1529 1037 1546 1056 e
1566 1038 1613 1056 re-

910 1067 1000 1103 gione
1013 1068 1153 1107 opposita
1169 1072 1248 1098 sunt.
1291 1069 1347 1104 At,
1359 1079 1395 1098 ne
1410 1069 1506 1099 dicam
1522 1080 1537 1097 e
1551 1069 1614 1098 sola

911 1109 1086 1150 conjectura
1103 1116 1199 1139 natam
1214 1121 1282 1140 esse
1293 1111 1464 1147 lectionem,
1478 1122 1611 1150 quaenam

911 1154 980 1183 inde
1002 1153 1149 1184 sententia
1176 1154 1329 1183 nascitur‘l
1361 1155 1403 1184 Ut
1419 1165 1435 1183 e
1451 1165 1544 1193 prava
1568 1155 1615 1184 in-

911 1196 1069 1226 stitutione
1084 1196 1231 1235 procedat
1249 1197 1294 1226 vel
1316 1196 1496 1235 optimarum
1514 1198 1614 1236 legum

911 1239 1064 1278 migratio,
1079 1239 1123 1269 sic
1141 1240 1246 1269 bonam
1263 1239 1481 1269 institutionem
1494 1240 1615 1270 efficere

913 1287 943 1311 ut
960 1283 1094 1312 homines
1111 1282 1199 1311 malis
1219 1283 1340 1320 legibus
1362 1283 1488 1313 obedire
1510 1283 1615 1313 velint.

911 1325 988 1363 Quis
1000 1326 1075 1355 hanc
1087 1325 1263 1355 sententiam
1277 1326 1417 1355 universe
1434 1326 1553 1365 probet,
1565 1332 1616 1356 aut

911 1368 1042 1398 Athenis
1078 1378 1205 1407 unquam
1243 1379 1299 1398 usu
1331 1370 1489 1408 probatam
1522 1369 1616 1398 fuisse

912 1413 1059 1441 censeat?
1086 1411 1237 1450 Equidem
1271 1411 1346 1441 nihil
1377 1412 1409 1440 in
1436 1423 1471 1441 ea
1500 1412 1616 1451 egrein

913 1453 1014 1485 video.
1038 1455 1128 1492 Quod
1141 1464 1234 1493 porro
1250 1455 1285 1483 ad
1298 1455 1479 1494 Sophoclem
1497 1456 1615 1490 attinet,

913 1503 981 1527 sunt
1002 1498 1060 1527 ista
1077 1498 1168 1527 verba
1184 1497 1323 1527 Creontis
1343 1497 1476 1537 tyranni,
1491 1499 1541 1537 qui
1557 1509 1616 1537 quo

907 1546 1065 1578 paternam
1082 1544 1112 1569 et
1126 1540 1239 1581 regiam
1255 1541 1463 1571 auctoritatem
1485 1545 1616 1576 tueatur,

913 1583 1066 1622 filiumque
1083 1584 1259 1612 Haemonem
1273 1593 1290 1612 a
1305 1584 1419 1623 nuptiis
1436 1584 1616 1623 Antigones,

913 1636 1000 1665 quam
1014 1628 1084 1665 jure
1108 1635 1174 1655 sese
1194 1626 1300 1655 mortis
1320 1625 1470 1666 supplicio
1491 1628 1616 1657 affectu-

913 1679 979 1698 rum
996 1669 1211 1704 contendebat,
1228 1673 1350 1704 avocet,
1366 1670 1459 1698 tilium
1484 1670 1526 1699 ita
1541 1671 1617 1699 ano-

913 1713 1027 1751 quitur,
1040 1715 1072 1741 et
1088 1723 1158 1741 mox
1176 1722 1222 1739 vs·
1236 1713 1309 1741 668.
1326 1722 1390 1750 sqq.
1413 1713 1450 1741 ab
1472 1711 1532 1741 ista
1550 1723 1617 1742 sen-

915 1756 1009 1785 tentia
1020 1755 1050 1784 in
1061 1755 1266 1784 exornandum
1276 1755 1375 1784 locum
1387 1755 1424 1784 de
1437 1755 1617 1793 gravissimo

913 1796 1048 1838 ἇναξχίας
1062 1799 1170 1827 damno
1186 1797 1305 1833 incidit,
1319 1803 1350 1827 ut
1362 1807 1467 1827 sensus
1478 1797 1618 1827 universe

914 1842 971 1870 huc
987 1841 1050 1870 fere
1065 1841 1186 1876 redeat3
1204 1846 1318 1878 proestut
1333 1841 1438 1879 injusti
1451 1841 1618 1879 imperantis

914 1883 1025 1924 legibus
1038 1893 1150 1922 parere,
1165 1893 1252 1922 quam
1267 1884 1368 1913 nullis.
1405 1884 1482 1920 Quae
1499 1887 1618 1913 senten-

912 1927 953 1955 tia
967 1937 1072 1966 parum
1091 1925 1297 1955 similitudinis
1313 1937 1380 1956 cuin
1398 1927 1548 1956 Isocraten
1566 1937 1617 1956 no-

912 1974 973 2000 stra
989 1970 1089 1999 habet.
1132 1969 1241 2007 Neque
1260 1969 1326 1998 loca
1349 1970 1484 1999 Platonis
1505 1970 1533 1998 in
1550 1969 1616 2000 cri-

913 2018 982 2042 tone
1004 2023 1036 2052 11.
1054 2013 1156 2042 51..et
1178 2011 1355 2041 Aristotelis
1371 2013 1464 2042 Polit.
1482 2013 1538 2042 Iv.
1554 2017 1583 2044 8.
1600 2022 1618 2042 a

913 2056 1008 2085 Corae
1024 2056 1114 2085 allata
1129 2055 1186 2084 huc
1207 2055 1369 2094 pertinent.
1407 2055 1439 2085 Si
1458 2056 1549 2094 igitur
1565 2065 1617 2085 ne-

913 2109 971 2138 que
987 2101 1093 2134 καλῶς,
1113 2108 1210 2136 neque
1225 2100 1316 2131 κακῶς
1332 2098 1392 2136 legi
1409 2103 1520 2137 potest,
1535 2108 1616 2137 quae-

914 2142 1008 2172 reuda
1028 2148 1075 2171 est
1096 2141 1186 2170 lectio
1217 2141 1336 2170 duobus
1364 2142 1446 2171 hisee
1473 2141 1619 2171 extremis

914 2185 1013 2215 media
1028 2185 1109 2214 velut
1122 2184 1320 2222 interjacens:
1337 2189 1426 2222 atque
1441 2185 1517 2214 hanc
1528 2185 1617 2214 nobis

915 2228 1091 2268 suppeditat
1111 2227 1219 2257 Codex
1238 2227 1272 2256 L.
1291 2228 1326 2256 B.
1349 2227 1467 2260 ἁπλῶςε
1490 2237 1548 2266 qua
1569 2237 1617 2257 as-

917 2276 1038 2311 sumpta
1047 2271 1146 2300 omnia
1159 2271 1237 2299 bene
1249 2270 1428 2308 procedunt,
1441 2275 1558 2300 veteres
1573 2270 1617 2299 A·

915 2315 1091 2344 thenienses
1114 2323 1180 2342 cum
1204 2312 1336 2342 maxime
1357 2314 1477 2348 decent,
1497 2318 1527 2342 et
1549 2323 1616 2342 cum

917 2357 1063 2387 Isocratis
1074 2355 1291 2385 consuetudine
1299 2355 1490 2386 conveniunt.
1506 2356 1619 2385 Sensus

918 2401 993 2429 erit:
1023 2399 1062 2429 Ut
1079 2399 1203 2427 immines
1218 2399 1285 2428 bene
1298 2400 1425 2428 instituti
1440 2399 1484 2428 rel
1495 2409 1620 2428 accura-

918 2445 1020 2473 tissime
1035 2443 1156 2480 scriptas
1177 2442 1249 2481 leges
1267 2443 1409 2482 migrant,
1429 2443 1468 2472 sic
1490 2442 1557 2471 bene
1574 2442 1619 2471 ἰη-

917 2484 1118 2526 stitutisacile
1131 2485 1165 2513 iis
1178 2484 1382 2523 obtemperant,
1393 2495 1455 2524 quoe
1466 2495 1522 2515 ‘non
1536 2490 1620 2514 tanta

916 2529 1082 2568 diligentia,
1103 2528 1150 2558 sed
1164 2527 1289 2565 simplici
1303 2529 1353 2557 υἰω
1373 2538 1407 2557 ac
1422 2529 1535 2557 ‘ratione
1550 2529 1619 2558 scri-

915 2577 982 2610 ptae,
997 2580 1087 2611 neque
1102 2570 1195 2606 malae,
1211 2580 1300 2610 neque
1315 2571 1392 2600 bonae
1407 2577 1486 2606 sunt,
1506 2581 1563 2600 nun
1578 2572 1620 2600 ita

917 2615 983 2644 aliis
997 2615 1165 2653 praestantia
1183 2623 1237 2643 sua
1257 2613 1445 2643 antecellunt.
1481 2614 1620 2644 sensisse

916 2657 956 2687 ita
975 2662 1092 2687 veteres
1104 2655 1319 2693 Athenienses,
1331 2657 1495 2686 ostendunt
1510 2666 1576 2696 quae
1593 2657 1621 2686 in

918 2702 1031 2737 Panog.
1049 2710 1080 2739 p.
1097 2701 1148 2730 56.
1163 2699 1200 2729 C.
1221 2700 1259 2729 de
1280 2699 1317 2729 iis
1333 2700 1481 2738 legimus:
1505 2701 1568 2733 τοὺς
1582 2699 1621 2728 νο’-

917 2754 988 2783 μους
1005 2742 1137 2772 ἐο-κὸπουν
1152 2742 1225 2776 ὅπως
1241 2742 1360 2783 ἀκριβῶς
1379 2743 1426 2772 καὶ
1441 2744 1536 2777 καλεῖ-ς
1549 2742 1621 2780 ἕξου-

918 2798 974 2822 σιν,
987 2785 1041 2826 οὐχ
1052 2784 1122 2815 οὕτω
1133 2787 1197 2819 τοὺς
1207 2785 1267 2824 περὶ
1281 2788 1336 2814 τῶν
1347 2785 1418 2816 ἰδίων
1429 2784 1622 2825 συμβολαίων,

919 2830 954 2863 ὡς
970 2830 1034 2864 τοὺς
1045 2829 1106 2869 περὶ
1121 2830 1174 2858 τῶν
1189 2827 1258 2857 καθ’
1272 2828 1394 2859 ἑκάστην
1409 2828 1514 2868 ἡμέραν
1525 2826 1622 2856 ἒπιτη-

920 2872 1077 2911 δευμάτων·
1092 2870 1251 2903 ἠπίσταντο
1265 2872 1330 2912 γᾶς,
1342 2870 1384 2901 δ’τι
1398 2872 1457 2906 τοῖς
1465 2871 1561 2903 καλοῖς
1571 2871 1622 2898 κά-

920 2915 1016 2952 γαθοις
1040 2917 1096 2945 τῶν
1121 2915 1272 2953 ἀνθρώπων
1301 2915 1371 2945 οὐδὲν
1396 2914 1484 2944 δεῆο-ει
1515 2915 1625 2942 πολλῶν

1199 2955 1354 2968 ‚‚‚‚‚

923 3000 1016 3042 ῥαδίως
1031 3001 1077 3030 καὶ
1092 3001 1155 3041 περι
1168 3002 1223 3029 τῶν
1238 2998 1308 3029 ἰδίων
1322 3011 1368 3029 και
1389 2999 1449 3038 περὶ
1472 3000 1526 3027 τῶν
1541 3008 1627 3027 »cunm

925 3044 1127 3083 ὁμονοῆσουσιν.
1145 3054 1232 3083 quem
1245 3043 1343 3072 locum
1358 3053 1426 3081 ivis}
1421 3041 1478 3071 uicit
1500 3041 1628 3079 Dionys.
