1914 3314
180 900 254 938 Pag.

205 942 256 972 ed.

185 984 256 1014 cor.

181 1029 257 1064 385

930 546 1011 588 ΙΘ.

692 623 1263 711 ΙΣΟΚὲΑΤΟΥΣ

557 768 1397 831 ΑῙΓῙΝΗΤΙΚΟΣ.

919 923 1043 930 ·-.--—-

347 1010 406 1063 α’.
437 1016 783 1066 ENOMIZON
802 1011 897 1082 μὲν,
925 1013 960 1064 ἇῗ
984 1011 1126 1088 ἄνδρες
1146 1011 1399 1079 Αἰγινῆται,
1419 1008 1529 1064 οὕτω
1547 1025 1692 1070 κοιλως
1708 1032 1798 1066 384.
1827 1022 1854 1060 b

1649 1011 1672 1022 η

274 1086 611 1147 βεβουλεῦσθαι
637 1084 740 1154 περὶ
768 1087 850 1141 τῶν
873 1087 1009 1138 ati-roi]
1033 1085 1335 1160 Θρασύλοχον,
1355 1083 1461 1144 elic-rs
1480 1082 1616 1155 ,undev'
1639 1082 1692 1136 οἷν

319 1190 595 1220 SUMMARIUM.
619 1188 693 1231 (α’.)
718 1190 884 1221 Exordium.
908 1192 968 1220 Pa-

278 1242 344 1261 rum
360 1232 594 1269 abest‚judices‚
606 1233 677 1271 quin
690 1233 870 1262 adversariis
888 1232 968 1272 [mn-

279 1274 348 1304 lieri
363 1273 493 1308 cuidam,
510 1284 576 1312 quae
596 1284 663 1303 cum
686 1274 748 1303 suis
767 1276 901 1312 patronis
916 1276 969 1303 ho—

280 1316 365 1351 mini,
381 1316 429 1345 cui
444 1316 595 1345 Isocrates
614 1317 687 1345 hanc
710 1317 871 1345 orationem
898 1316 970 1345 scri-

280 1359 355 1398 psit,
370 1358 451 1387 litem
468 1358 634 1387 intenderat
651 1358 689 1387 de
704 1357 886 1397 hereditate]
906 1368 971 1397 gra-

282 1402 352 1431 tiam
374 1401 510 1435 habeam,
525 1400 603 1439 quod
619 1411 666 1430 me
680 1400 709 1429 in
731 1401 804 1429 hanc
824 1401 905 1429 litem
920 1401 971 1429 ad-

282 1443 430 1473 duxerint.
474 1443 550 1471 Nam
571 1443 630 1471 nisi
645 1453 693 1471 res
712 1442 742 1471 in
757 1442 904 1481 judicium
923 1453 972 1471 ve-

282 1485 390 1520 nisset,
405 1495 461 1514 non
478 1485 716 1523 comperissetis,
731 1489 855 1523 propter
866 1494 931 1523 quae
943 1485 973 1514 iu

284 1528 454 1557 defunctum
479 1528 583 1555 merita
607 1527 704 1565 ipsius
728 1527 869 1555 bonorum
891 1527 975 1556 heres

286 1571 341 1600 sim
355 1569 546 1603 constitutus,
558 1579 705 1607 quamque
713 1569 861 1598 malitiosa
876 1569 914 1598 sit
923 1570 975 1598 ad-

285 1612 417 1642 versaria
432 1621 497 1640 cum
513 1612 646 1649 patronis
662 1611 735 1645 suis,
751 1612 801 1650 qui
817 1616 974 1640 testamen-

287 1659 350 1683 tum
372 1654 427 1682 hoc
451 1658 632 1692 oppugnant.
679 1653 719 1683 Ut
741 1664 840 1683 causae
866 1658 974 1683 statum

287 1696 442 1726 celerrime
460 1706 640 1733 cognoscere
662 1696 801 1734 possitis,
813 1697 876 1726 haec
899 1696 976 1725 acci-

286 1739 361 1778 pite.
392 1736 461 1778 (B‘.)
488 1738 673 1777 Thrasyllus,
699 1738 780 1768 illius
807 1744 903 1777 pater,
926 1738 977 1776 qui

287 1781 359 1810 mihi
375 1784 583 1810 testamentum
595 1780 727 1820 reliquit,
747 1781 894 1819 haruspex
911 1781 977 1817 fuit,

288 1823 320 1853 in
336 1823 449 1861 Siphno
466 1827 562 1858 natus,
579 1823 629 1861 qui
645 1823 674 1852 in
694 1824 832 1862 pluribus
847 1823 977 1853 civitati-

289 1866 347 1895 bus
363 1870 572 1901 commoratus,
587 1869 618 1894 et
633 1875 698 1894 cum
715 1866 782 1895 aliis
801 1866 978 1895 mulieribus

290 1908 458 1943 cousuevit,
468 1916 591 1946 quarum
608 1907 753 1937 nonnullae
763 1909 875 1937 liberos
886 1918 977 1946 pepe—

290 1954 403 1985 rerunt,
425 1960 499 1988 quos
519 1949 570 1978 ille
592 1959 737 1988 nunquam
758 1960 813 1988 pro
834 1950 978 1989 legitimis

289 1993 412 2030 habuit;
435 1998 463 2021 et
484 1991 663 2021 adversariae
679 1998 800 2022 matrem
823 1992 883 2022 illis
905 1998 979 2021 tem-

290 2035 416 2074 poribus
429 2034 557 2072 accepit.
601 2034 661 2064 His
677 2035 810 2064 dimissis
819 2041 850 2064 et
864 2035 980 2072 magnis

291 2078 402 2116 opibus
419 2076 600 2115 comparatis
615 2077 644 2106 in
659 2078 782 2115 patriam
800 2077 892 2106 rediit
907 2088 979 2106 uxo·

290 2130 411 2159 remque
433 2120 531 2154 duxit,
554 2120 679 2158 primum
699 2119 794 2158 patris
819 2120 877 2148 mei
898 2130 980 2149 soro-

290 2173 365 2197 rem,
379 2161 488 2191 deiude
500 2162 592 2200 patris
607 2162 666 2191 mei
681 2162 899 2196 consobrinam,
913 2167 982 2200 post

292 2216 310 2234 e
324 2204 450 2243 Seripho
465 2205 605 2243 aliquam,
617 2215 655 2233 ex
668 2214 726 2243 qua
738 2205 871 2243 suscepit
887 2206 981 2244 Sopo-

291 2247 396 2283 lidem,
417 2247 648 2284 Thrasylochum
672 2253 702 2276 et
728 2257 851 2276 uxorem
875 2257 981 2282 meam,

295 2300 369 2328 quos
385 2289 465 2319 solos
476 2289 526 2318 ille
539 2289 690 2327 legitimos
708 2289 983 2327 liberosjudicavit

294 2333 457 2370 relictaque
480 2331 538 2360 illis
558 2342 591 2360 re
615 2331 753 2360 familiari
770 2331 858 2360 vitam
876 2331 981 2367 finivit.

296 2373 367 2414 (γ’.)
390 2375 456 2411 Ego
465 2384 535 2404 vero
548 2379 578 2403 et
593 2373 816 2411 Thrasylochus
824 2374 983 2403 amicitiam

295 2427 313 2446 a
326 2417 460 2454 patribus
475 2421 626 2455 acceptam
642 2417 798 2445 arctiorem
810 2416 898 2445 etiam
914 2416 984 2445 effe-

297 2458 392 2488 cimus
407 2469 423 2487 a
434 2459 561 2497 pueritia
574 2468 666 2497 usque
681 2459 716 2487 ad
729 2464 864 2488 mortem.
908 2458 984 2488 Tan-

297 2501 366 2530 dem
381 2500 464 2530 illum
477 2502 544 2530 tabe
554 2506 724 2539 correptum
739 2501 830 2530 etdiu
842 2506 986 2537 aegrotan-

298 2548 372 2582 tem,
382 2553 471 2581 quum
481 2544 570 2572 frater
580 2545 645 2582 ejus
655 2543 840 2582 Sopolisjam
849 2543 986 2577 obiisset,

298 2590 394 2614 mater
410 2596 481 2614 vero
496 2592 525 2615 et
541 2596 623 2614 soror
636 2586 764 2615 nondum
778 2587 834 2614 hnc
849 2586 987 2624 AEginam

299 2627 481 2662 advenisset,
496 2628 624 2666 ideoque
644 2628 818 2658 destitutum
839 2629 876 2657 ab
895 2627 988 2657 omni-

300 2671 356 2700 bus
371 2674 451 2699 tanta
472 2671 617 2699 industria
642 2677 669 2699 et
692 2671 748 2700 fide
769 2670 882 2705 curavi,
899 2676 930 2699 ut
944 2670 988 2699 in-

301 2717 495 2752 gravescente
507 2714 609 2741 morbo
629 2713 757 2742 testibus
772 2713 926 2742 advocatis
942 2723 988 2742 me

302 2756 457 2793 adoptaret
473 2761 501 2784 et
514 2765 596 2783 suam
608 2754 703 2793 ipsius
720 2765 850 2785 sororem
861 2766 988 2794 suasque

301 2798 456 2827 facultates
468 2796 538 2825 mihi
551 2797 644 2825 daret.
663 2796 729 2836 (δ’.)
753 2798 877 2827 Factum
891 2803 988 2827 autem

303 2844 350 2869 est
371 2844 578 2868 testamentum
601 2843 631 2868 et
655 2841 819 2869 secundum
835 2840 989 2878 AEgineta-

303 2892 381 2916 rum,
395 2881 470 2911 inter
485 2892 558 2920 quos
572 2881 715 2916 decessit,
729 2881 794 2921 (ε’.)
809 2889 838 2911 et
850 2883 990 2921 Siphnio*-

302 2934 380 2959 rum,
393 2924 420 2953 in
433 2934 553 2963 quarum
565 2923 686 2953 civitate
699 2924 768 2953 olim
782 2925 870 2959 vixit,
884 2925 977 2963 legem

304 2967 465 2997 secuudum
485 2976 570 3005 quam
592 2966 727 3004 ejusdem
744 2966 924 2997 conditionis
940 2968 991 2998 ho-

1000 1191 1096 1220 mines
1122 1192 1261 1230 adoptare
1287 1192 1370 1221 licet.

1001 1233 1083 1262 illins
1104 1239 1136 1267 et
1158 1233 1273 1262 amicus
1293 1233 1349 1268 fni,
1369 1244 1403 1263 ac
1426 1233 1619 1272 Siphniorum
1643 1244 1695 1263 ue·

1002 1275 1080 1303 mine
1095 1275 1240 1310 deterior,
1255 1276 1419 1313 eodemque
1438 1276 1540 1310 modo,
1555 1286 1614 1314 quo
1628 1275 1694 1310 ille,

1002 1316 1158 1345 institutus
1175 1322 1204 1345 et
1218 1317 1372 1346 educatus.
1397 1316 1469 1358 (ς’.)
1492 1318 1532 1346 Et
1552 1318 1600 1346 his
1620 1318 1695 1356 legi-

1004 1359 1059 1387 bus
1072 1359 1219 1388 consentit
1233 1368 1350 1397 quoqne
1361 1359 1390 1387 in
1402 1358 1498 1398 patria
1511 1359 1697 1389 adversario-

1004 1410 1069 1429 rum
1092 1400 1143 1429 lex
1163 1405 1296 1440 recepta.
1318 1399 1389 1440 (ζ’.)
1417 1401 1518 1437 Quum
1541 1411 1613 1430 vero
1636 1401 1697 1440 ipsi

1005 1447 1213 1471 testamentum
1223 1443 1281 1471 hoc
1295 1443 1452 1481 genuinum
1463 1452 1530 1472 esse
1538 1444 1698 1478 fateantur,

1007 1490 1037 1513 et
1048 1485 1131 1523 leges
1147 1485 1266 1514 mulieri
1278 1485 1378 1520 nullae,
1392 1485 1464 1514 mihi
1479 1495 1581 1515 omnes
1597 1491 1698 1524 patro-

1007 1526 1154 1562 cinentur,
1169 1537 1185 1556 a
1199 1537 1257 1565 quo
1278 1527 1397 1556 taudem
1421 1527 1551 1557 facinore
1565 1527 1587 1557 ii
1607 1527 1699 1558 absti-

1007 1569 1128 1603 nebunt,
1139 1570 1188 1607 qni
1202 1569 1287 1598 vobis
1302 1570 1485 1608 persuadere
1497 1574 1651 1606 conantur,
1666 1574 1700 1600 ut

1007 1616 1216 1641 testamentum
1242 1612 1298 1641 hoc
1322 1612 1486 1646 infirmetis,
1508 1623 1597 1651 quum
1615 1614 1699 1651 jura-

1008 1653 1108 1689 vistis,
1124 1665 1140 1682 e
1158 1654 1276 1692 legibus
1290 1665 1344 1684 vos
1368 1654 1543 1684 sententiam
1562 1654 1699 1685 laturos?

1009 1695 1076 1736 (η’.)
1099 1697 1147 1726 Ne
1170 1697 1236 1735 quis
1252 1707 1324 1726 vero
1348 1702 1446 1736 putet,
1464 1707 1511 1726 me
1527 1707 1636 1736 parvas
1660 1698 1700 1727 ob

1009 1748 1115 1767 causas
1145 1739 1340 1768 hereditatem
1378 1740 1520 1778 adeptum
1550 1739 1699 1778 istamque

1009 1780 1064 1810 illa
1078 1781 1205 1810 fraudari
1220 1781 1333 1816 sciatis,
1349 1781 1442 1817 illam,
1456 1792 1522 1820 quae
1536 1783 1700 1812 secundum

1011 1823 1128 1861 generis
1153 1824 1375 1863 proximitatem
1397 1825 1435 1854 de
1458 1823 1571 1853 relictis
1592 1824 1701 1863 opibus

1010 1876 1126 1895 mecum
1147 1866 1310 1902 contendit,
1332 1872 1478 1905 perpetuo
1501 1877 1567 1896 cum
1590 1866 1644 1896 illo
1668 1872 1699 1896 et

1011 1908 1154 1946 Sopolide
1169 1913 1200 1937 et
1214 1908 1318 1938 horum
1338 1914 1431 1938 matre
1453 1908 1586 1948 litigasse
1601 1915 1632 1938 et
1645 1909 1700 1938 ini-

1011 1950 1140 1980 micitias
1157 1951 1345 1986 exercuisse,
1360 1961 1406 1980 me
1421 1961 1494 1981 vero
1510 1961 1567 1980 non
1586 1955 1699 1981 tantum

1013 2003 1083 2031 erga
1111 1993 1346 2032 Thrasylochum
1375 1999 1405 2023 et
1433 1993 1568 2029 fratrem,
1597 2004 1698 2024 verum

1012 2036 1102 2064 etiam
1114 2046 1184 2074 erga
1195 2036 1250 2064 has
1265 2036 1421 2066 facultates
1436 2036 1618 2066 excellenter
1634 2046 1701 2075 ges-

1014 2078 1100 2107 sisse.
1114 2077 1188 2118 (θ’.)
1210 2079 1309 2116 Quum
1321 2079 1448 2107 Pasinus
1457 2077 1582 2108 insulam
1593 2079 1702 2108 Parum

1014 2121 1189 2159 occupabat,
1216 2120 1375 2150 maximam
1402 2121 1546 2150 bonorum
1573 2125 1702 2159 partem,

1015 2173 1080 2201 quae
1101 2163 1165 2192 illic
1185 2163 1265 2201 apud
1289 2163 1424 2201 hospites
1448 2173 1532 2192 meos
1553 2164 1703 2192 occultata

1010 2206 1141 2243 jacebat,
1156 2216 1211 2244 ego
1224 2215 1386 2234 conscenso
1400 2205 1519 2244 navigio
1534 2209 1622 2234 nocte
1635 2215 1703 2234 cum

1016 2248 1085 2277 vitae
1101 2258 1167 2276 mco
1183 2247 1316 2286 periculo
1341 2247 1511 2284 exportari,
1533 2251 1616 2285 patre
1635 2257 1703 2276 meo

1017 2295 1045 2318 et
1062 2290 1151 2319 fratre
1167 2290 1322 2328 tribusque
1342 2289 1489 2324 affinibus,
1505 2290 1557 2329 qui
1576 2289 1618 2318 ibi
1633 2294 1704 2319 tunc

1016 2332 1282 2366 commorabantur,
1307 2333 1368 2370 jam
1399 2331 1518 2362 occisis.
1540 2330 1603 2372 (ι’.)
1628 2332 1705 2361 Post

1017 2375 1092 2409 haeo,
1115 2375 1185 2412 fuga
1208 2375 1293 2404 nobis
1308 2385 1324 2402 e
1339 2374 1451 2412 Siphno
1470 2375 1559 2410 facta,
1582 2375 1705 2404 absente

1017 2415 1172 2454 Sopolide,
1186 2416 1419 2455 Thrasylochum
1440 2421 1630 2455 aegrotantem
1649 2426 1706 2446 uua

1018 2469 1086 2488 cum
1100 2465 1193 2488 matre
1207 2459 1288 2488 illius
1300 2463 1331 2488 et
1344 2469 1447 2488 sorore
1462 2460 1631 2498 opibusque
1641 2458 1707 2488 uni·

1018 2501 1117 2531 versis
1131 2502 1237 2531 extuli.
1261 2500 1343 2541 (ια’.)
1368 2501 1495 2536 Deinde,
1509 2502 1578 2531 dum
1594 2500 1638 2530 illi
1653 2501 1707 2530 ob-

1019 2553 1139 2583 sequor,
1156 2544 1185 2573 iu
1200 2544 1345 2572 maximas
1368 2543 1456 2573 etiam
1478 2544 1570 2573 incidi
1588 2542 1707 2572 calami-

1019 2591 1107 2616 tates.
1127 2585 1209 2627 (ιβ’.)
1230 2586 1452 2624 Thrasylochus
1467 2587 1542 2616 enim
1555 2585 1626 2615 mihi
1639 2595 1706 2624 per-

1021 2629 1126 2663 suasit,
1143 2634 1185 2664 ut,
1206 2629 1312 2658 relicta
1333 2628 1428 2663 Melo,
1451 2638 1508 2666 quo
1533 2628 1707 2666 confugera-

1020 2681 1099 2706 mus,
1126 2672 1287 2701 Troezenen
1316 2680 1417 2700 secum
1442 2670 1624 2708 navigarem,
1657 2670 1706 2699 ubi

1021 2713 1087 2751 ipse
1102 2714 1190 2742 morti
1205 2712 1340 2752 propior,
1353 2722 1482 2742 sororem
1495 2722 1587 2741 meam
1601 2722 1635 2741 ac
1646 2721 1709 2741 ma-

1021 2761 1095 2785 trem
1107 2761 1174 2794 post
1188 2765 1299 2794 paucos
1314 2756 1460 2784 adventus
1470 2754 1563 2784 nostri
1579 2755 1645 2784 dies
1661 2764 1710 2784 se-

1021 2799 1105 2836 pelii,
1122 2798 1191 2827 dum
1209 2797 1253 2827 illi
1275 2798 1423 2835 obsequor
1437 2797 1524 2826 exsul
1546 2806 1580 2825 ac
1597 2800 1727 2835 pauper'

1021 2840 1246 2879 carissimisque
1260 2839 1618 2869 interraalieuaorbatus.
1634 2838 1713 2878 (ιγ’.)

1023 2885 1141 2921 Quanta
1154 2893 1221 2912 eum
1234 2881 1443 2911 benevolentia
1454 2886 1631 2920 prosecutus
1642 2881 1711 2917 sim,

982 2947 990 2960 ,
1024 2925 1194 2955 evidentius
1209 2925 1296 2954 etiam
1312 2933 1346 2952 ac
1361 2924 1474 2953 certius
1488 2935 1504 2954 e
1521 2924 1711 2963 sequentibus

1024 2973 1116 3007 patet.
1158 2968 1258 3006 Quum
1269 2965 1492 3006 enimAEginnm
1503 2977 1535 2997 se
1549 2965 1712 2997 habitatum

1428 1192 1495 1230 Ego
1522 1202 1592 1221 vero
1619 1191 1695 1221 civis
1727 1187 1732 1192 ’

1708 979 1866 1020 astaph-
