1914 3314
688 212 777 254 AD
811 211 1193 255 ISOCRATEM.
1587 209 1669 252 873

252 323 411 355 inimicitia
428 324 458 354 in
472 325 675 357 Athenienses
691 332 829 366 tempore
839 327 918 358 Are-

252 367 398 407 opagitici
420 375 566 399 renovata
593 376 686 400 eraut.
703 372 778 402 342.
818 370 917 409 qualis

251 410 342 441 fuerit
358 421 462 441 eorum
478 413 556 442 ratio
570 413 601 442 in
616 413 820 443 Athenienses
841 417 919 442 tem-

251 463 326 492 pore
363 454 558 484 democratiae
585 456 661 485 bene
690 455 864 485 constitutae
888 459 918 485 et

251 496 350 535 qualis
387 502 522 537 tempore
561 498 785 537 Areopagitici.
834 499 907 528 395.

251 539 364 573 Graeci,
382 545 522 580 tempore
537 539 753 580 Areopagitici
780 551 812 570 se
832 540 918 579 ipsos

251 582 391 621 quotidie
421 583 556 612 turbant.
581 585 657 613 397.
701 583 741 612 ad
776 583 917 613 militiam

249 634 369 662 segnes,
405 624 507 663 egeni,
537 625 577 655 de
615 625 778 665 republica
803 626 916 656 securi.

250 667 328 695 ibid.
352 667 451 703 inulti,
472 667 571 707 patria
595 669 704 698 relicta
723 669 754 698 in
780 669 917 708 Cyprum

249 710 415 748 habitatum
431 710 701 749 migraruntr454.
731 716 804 750 post
820 712 916 742 victo-

249 752 325 782 riam
340 753 585 784 Atheniensium
610 754 648 783 ad
668 753 799 784 Cnidum
827 754 856 784 in
878 754 916 783 li-

250 795 399 825 bertatem
416 795 576 826 vindicati.
599 798 675 828 458.
708 802 781 836 post
803 797 917 827 bellum

247 838 413 876 Trojanum
428 837 576 869 Barbaris
591 840 716 870 multam
732 845 840 870 terram
857 840 918 870 eri-

250 887 392 921 puerunt.
428 883 503 912 480.
540 892 633 921 quare
667 883 917 919 Atheniensibus,

249 927 389 962 tempore
418 923 540 964 imperii
565 926 680 955 tributa
701 926 917 967 pependerint.

248 968 322 997 5⁰20.
362 967 464 997 Graeci
502 967 734 998 Atheniensium
770 968 917 998 beneficio

249 1010 347 1049 duplo
359 1011 455 1048 major
470 1011 602 1040 reddita.
615 1011 691 1041 545.
714 1016 829 1050 praeter
841 1012 917 1040 Tro-

247 1053 350 1092 jauum
366 1053 479 1082 bellum
503 1053 561 1082 tria
584 1064 652 1083 cum
671 1054 816 1084 Barbaris
838 1054 918 1083 bella

251 1102 423 1134 gesseruut,
450 1106 519 1125 cum
557 1096 680 1131 Xerxe,
717 1097 757 1126 de
786 1096 917 1126 coloniis

249 1139 337 1177 (cum
364 1139 494 1168 Caribus
524 1137 615 1178 etc.)‚
632 1149 701 1168 cum
733 1138 915 1169 Thracibus.

250 1183 324 1211 551.
349 1182 449 1210 Graeci
468 1180 572 1210 Asiam
585 1181 765 1211 maritimam
781 1181 915 1211 incolen—

250 1228 298 1253 tes
315 1223 455 1254 aGraecis
473 1224 760 1262 Europaeis.,1³ersis
777 1229 808 1254 et
823 1234 917 1254 exsu-

238 1266 332 1299 ,libus
347 1267 458 1302 dediti,
474 1267 636 1296 maximam
653 1267 800 1297 malorum
816 1277 833 1296 e
851 1267 916 1296 dis-

251 1309 357 1339 cordia
379 1314 513 1338 ortorum
528 1313 644 1349 partem
660 1310 824 1339 sustinent.
837 1311 915 1340 778.

249 1353 428 1382 miserandae
444 1351 619 1381 GraecOrum
637 1352 823 1382 conditionis
845 1353 913 1382 nul-

249 1396 310 1425 lum
327 1399 395 1424 aute
415 1394 582 1424 Isocratem
600 1399 749 1425 oratorem
764 1395 915 1428 miseruit.

248 1438 400 1476 ibid.quae
415 1437 599 1467 miserabilis
616 1437 752 1467 conditio
766 1438 916 1468 describi-

250 1487 298 1511 tur
314 1482 438 1510 ibidem.
461 1481 640 1510 Graecorum
657 1481 781 1510 exsules
795 1480 824 1510 in
843 1480 917 1511 Asia

251 1523 422 1553 exercitum
433 1523 572 1553 formant.
585 1523 659 1553 ibid.
684 1523 778 1553 iidem
790 1525 917 1553 Graecas

250 1568 476 1605 Persarumque
494 1566 636 1596 civitates
653 1567 776 1596 turbant
798 1570 829 1596 et
843 1567 916 1596 diri-

251 1610 350 1649 piunt.
376 1610 452 1639 ibid.
476 1619 589 1648 pueros
611 1614 641 1639 et
664 1609 793 1639 feminas
810 1614 918 1640 coutu-

249 1652 350 1682 meliis
365 1652 511 1683 afficiunt.
532 1652 610 1682 ibid.

209 1695 364 1736 Gylippus
382 1693 501 1736 (solus)
519 1694 769 1725 Lacedaemonius
786 1696 917 1734 Syracu-

251 1739 314 1768 sios
330 1740 368 1768 ab
391 1738 552 1768 obsidione
575 1737 717 1768 liberavit
733 1738 917 1768 exercitum-

251 1792 310 1820 que
338 1781 573 1811 Atheniensium
603 1786 685 1811 terra
709 1780 844 1820 marique
870 1781 916 1811 fu-

249 1829 352 1862 gatum
369 1823 464 1864 capit.
486 1825 560 1856 308.

541 1895 588 1926 Η.

211 1955 434 1990 Hecatomuus,
444 1953 542 1984 Cariae
555 1958 688 1994 satrapa,
701 1963 761 1993 quo
778 1957 918 1993 tempore

252 1999 407 2028 Isocrates
430 1997 654 2036 Panegyricum
676 1995 917 2036 scribebat,jam

253 2041 368 2071 dudum
385 2050 493 2070 revera
509 2050 526 2069 a
544 2039 650 2069 Persis
664 2039 830 2069 defecerat.
843 2041 916 2070 237.

196 2085 346 2120 ¹Helena,
370 2087 451 2119 ortu,
479 2082 686 2122 pulcritudine
707 2087 739 2112 et
755 2081 850 2121 gloria
872 2083 918 2112 in-

253 2127 447 2166 signis.468.
470 2126 537 2164 ejus
553 2135 609 2155 non
626 2125 844 2161 laudationem,
862 2125 918 2154 setl

254 2169 460 2200 defensionem
472 2168 602 2206 Gorgias
614 2168 753 2207 scripsit.
764 2167 838 2197 ibid.
862 2167 917 2198 Jo-

256 2213 304 2242 vis
327 2212 397 2247 fitia,
413 2211 542 2242 Herculi
560 2222 576 2240 a
597 2214 680 2251 patre
697 2210 834 2250 praelata,
850 2210 918 2248 pnl-

255 2255 408 2286 critudine
428 2255 540 2285 donata
562 2258 620 2284 est.
646 2256 720 2284 469.
750 2253 834 2283 illius
863 2263 916 2282 uu-

255 2299 336 2337 ptias
353 2308 460 2328 omnes
477 2297 530 2326 illo
547 2302 686 2335 tempore
703 2307 792 2335 reges
809 2295 919 2325 civita-

256 2347 381 2380 tumque
397 2339 556 2379 principes
573 2339 754 2369 ambiebant.
769 2341 845 2369 474.
869 2339 919 2368 illa

256 2388 342 2423 rapta
357 2383 459 2414 Graeci
480 2392 585 2412 omnes
602 2386 814 2417 surrexerunt,
831 2381 919 2420 quasi

255 2427 355 2465 patria
380 2437 435 2456 sua
463 2430 592 2455 vastata.
617 2427 692 2455 476.
725 2427 764 2454 ob
793 2425 919 2453 formam

257 2470 440 2500 immortalis
452 2469 541 2498 sacta.
553 2471 627 2500 479.
653 2468 761 2498 fratres
778 2468 919 2505 suosjam

255 2518 406 2549 mortuos,
436 2511 664 2541 immortalitate
693 2510 833 2545 donavit,
863 2520 920 2539 nec

258 2566 316 2585 non
339 2555 529 2585 Menelaum.
550 2553 624 2584 ibid.
653 2553 695 2583 illi
718 2557 749 2583 et
775 2553 919 2582 Menelao

257 2597 428 2636 Therapnis
441 2598 470 2627 in
488 2597 618 2626 Laconia
635 2595 832 2626 sacrificatur.
847 2595 922 2626 ibid.

259 2641 389 2671 Graeciae
405 2640 557 2670 libertatis
574 2639 726 2669 ess'ectrix.
744 2641 819 2670 480.

220 2684 479 2715 Heraclidae.348
509 2681 749 2712 Atheniensibus
764 2680 924 2720 supplices

259 2727 343 2758 sacti.
358 2728 430 2757 189.
455 2731 526 2764 post
541 2730 697 2764 receptum
712 2725 741 2754 in
755 2725 830 2753 deos
843 2723 924 2753 Her·

258 2771 358 2801 cult-m
376 2771 404 2799 in
423 2768 526 2798 multis
547 2768 704 2797 erroribus
729 2772 824 2797 erant.
849 2766 924 2795 ibid.

255 2819 379 2844 mortuo
397 2811 572 2850 Eurystheo
584 2811 613 2839 in
630 2810 763 2840 Doribus
779 2809 925 2839 consede-

259 2861 336 2885 rant.
353 2855 429 2885 ibid.
452 2853 543 2883 tertia
564 2858 652 2882 atate
675 2853 832 2882 oraculum
849 2862 922 2882 con-

994 336 1064 361 nus,
1073 326 1291 365 Cresphontes,
1302 322 1528 366 Aristodemus)
1536 332 1663 363 regnum

994 368 1074 398 inter
1095 380 1128 399 se
1150 369 1301 399 dividunt.
1317 371 1392 400 300.
1416 369 1588 409 (Temenus
1611 376 1662 396 ac-

995 412 1079 450 cepit
1101 412 1215 450 Argos,
1238 412 1487 441 Lacedaemonem
1503 410 1664 440 Aristode-

994 464 1061 483 mus
1085 455 1133 484 vel
1161 454 1213 483 tilii
1239 456 1304 492 ejus
1332 455 1452 484 nomine
1475 452 1605 484 Procles
1630 456 1663 482 et

996 498 1201 535 Eurystheus,
1226 497 1394 527 Messenen
1426 494 1661 536 Cresphontes.)

995 539 1088 569 sociis
1104 540 1309 569 Doriensibus
1325 539 1482 579 regionem
1500 538 1658 573 dividunt,

994 581 1155 620 imperium
1172 582 1232 611 sibi
1249 582 1325 621 ipsis
1340 583 1507 613 vindicant.
1523 581 1599 611 ibid.

951 623 1106 654 Hercules
1132 625 1244 654 virtute
1269 625 1448 655 immortalis
1471 625 1584 654 factus.
1605 625 1659 654 90.

994 669 1060 706 ejus
1076 666 1188 705 ἔκγονοι.
1207 669 1279 697 191.
1305 668 1443 707 Philippi
1466 667 1588 706 generis
1603 676 1656 695 au-

993 715 1071 746 ctor,
1082 721 1099 740 a
1112 710 1263 740 Thebanis
1278 711 1307 741 in
1324 711 1431 749 primis
1446 710 1569 745 colitur,
1582 711 1658 739 261.

993 753 1023 782 in
1053 757 1148 783 totam
1171 753 1277 783 Asiam
1303 753 1550 792 benignissimus.
1583 754 1657 785 272.

993 797 1060 835 ejus
1073 796 1163 826 animi
1175 796 1263 825 dotes
1275 798 1404 835 majores
1416 806 1504 835 quam
1518 793 1658 833 corporis

994 849 1012 869 a
1026 839 1146 869 nemine
1161 844 1248 868 autea
1262 843 1505 869 commemoratae
1517 842 1605 876 sunt;
1621 837 1659 866 il-

993 881 1055 911 lius
1067 881 1241 920 prudentia,
1255 881 1588 922 philosophia,justitia
1603 890 1659 909 ex-

994 925 1119 954 cellens.
1149 926 1222 955 280.
1254 934 1345 964 reges
1374 924 1533 963 utriusque
1559 922 1659 953 conti-

994 968 1093 997 nentis
1122 967 1302 1003 trucidavit,
1335 968 1468 1006 indeque
1501 966 1658 996 columnas

993 1010 1168 1040 Herculeas
1190 1009 1302 1040 erexit.
1324 1012 1398 1040 281.
1429 1009 1547 1039 sedatis
1567 1010 1657 1038 Grae-

993 1053 1050 1082 ciae
1077 1052 1188 1087 turbis,
1214 1053 1362 1083 adversus
1383 1051 1507 1092 Trojam
1529 1050 1660 1089 expedi-

992 1095 1106 1125 tionem
1122 1095 1271 1133 suscepit,
1285 1096 1468 1134 Trojamqne
1480 1093 1570 1123 brevi
1587 1103 1656 1123 cum

992 1138 1101 1176 paucis
1125 1138 1217 1177 cepit.
1246 1137 1322 1167 ibid.
1352 1139 1420 1175 ejus
1442 1136 1576 1166 facinora
1595 1146 1656 1165 non

993 1180 1036 1210 dii
1059 1190 1162 1210 omnes
1181 1179 1295 1209 imitari
1318 1180 1451 1220 possint.
1466 1182 1540 1211 282.
1564 1179 1658 1209 bene-

992 1223 1128 1253 volentia
1141 1222 1172 1252 in
1189 1223 1326 1253 Graecos.
1340 1223 1417 1252 ibid.
1440 1222 1529 1252 illum
1543 1222 1583 1252 ob
1597 1221 1660 1252 vir-

991 1269 1087 1295 tutem
1102 1265 1330 1295 immortalitate
1341 1270 1428 1304 pater
1436 1264 1576 1295 donavit..
1585 1265 1660 1295 286.

993 1308 1061 1348 ejus
1087 1308 1270 1338 excellentia
1291 1319 1308 1338 a
1330 1308 1437 1338 multis
1459 1308 1582 1340 laudata
1597 1310 1659 1337 est.

993 1352 1067 1382 289.
1091 1351 1246 1381 Hercules
1258 1351 1369 1386 bobus,
1380 1361 1457 1390 quos
1469 1361 1509 1381 ex
1522 1350 1660 1389 Erythea

992 1395 1149 1433 abegerat,
1166 1403 1183 1422 a
1198 1394 1296 1423 Neleo
1312 1395 1439 1433 ejusque
1456 1393 1526 1422 filiis
1544 1393 1658 1433 spolia-

993 1440 1044 1466 tus
1060 1441 1118 1466 est.
1134 1438 1209 1467 299.
1232 1438 1299 1475 ejus
1311 1435 1472 1475 expeditio
1485 1436 1514 1466 in
1529 1437 1670 1466 Laome-,

993 1480 1213 1510 dontem.444.
1236 1479 1350 1509 Thesei
1362 1479 1550 1509 affinis-470.
1574 1478 1659 1508 labo-

995 1534 1043 1552 res
1058 1523 1176 1561 aliquot
1190 1522 1227 1551 ab
1246 1522 1420 1561 Eurystheo
1442 1521 1487 1551 illi
1507 1520 1657 1560 impositi.

994 1565 1070 1595 ibid.
1095 1570 1226 1603 quatuor
1248 1565 1390 1595 aetatibus
1411 1565 1528 1594 Perseo
1552 1567 1658 1602 poste-

994 1609 1067 1638 rior.
1077 1610 1151 1638 492.
1165 1608 1311 1637 Herculis
1322 1608 1564 1638 columuae.567.
1577 1608 1659 1636 Her-

994 1651 1081 1681 cules
1096 1650 1273 1680 Archidami
1291 1651 1413 1689 generis
1429 1654 1545 1680 auctor.
1560 1651 1636 1680 776.

952 1694 1110 1725 Hesiodus
1125 1693 1258 1734 optimus
1275 1694 1344 1723 vitae
1360 1694 1498 1723 humauae
1517 1691 1662 1722 consilia-

997 1737 1074 1767 rius.
1087 1739 1159 1767 1:30.
1183 1736 1267 1765 illius
1283 1736 1398 1776 poesia.
1414 1738 1490 1766 508.

952 1780 1164 1819 Hesperidum
1187 1780 1266 1808 mala
1285 1779 1394 1809 afferre
1418 1777 1551 1809 Herculi
1575 1787 1661 1810 mau-

994 1824 1097 1853 datum
1112 1826 1186 1852 erat.
1199 1824 1274 1852 471.

954 1865 1173 1907 HippolaidaS.
1190 1867 1265 1896 698.

953 1909 1138 1948 Hippolyta.
1152 1909 1226 1939 552.

953 1952 1164 1991 Hipponicus,
1189 1950 1352 1981 Demoniei
1379 1954 1476 1989 pater.
1501 1950 1555 1980 8⁷.
1576 1948 1661 1987 ejus-

994 1995 1066 2024 dem
1083 1995 1190 2024 virtus.
1203 1996 1254 2025 90.
1279 1994 1476 2033 Hipponicus
1488 1992 1661 2022 ditissimus

995 2043 1028 2067 et
1058 2037 1267 2067 nobilissimus
1299 2035 1545 2070 Atheniensium,
1576 2034 1660 2064 Alci-

994 2081 1093 2111 biadis
1107 2090 1204 2110 socer.
1221 2082 1296 2110 680.

953 2123 1083 2154 Homeri
1099 2123 1204 2163 poesis
1220 2122 1290 2152 ideo
1307 2121 1388 2162 apud
1406 2122 1534 2151 Gra’cos
1557 2118 1665 2158 magni

995 2166 1173 2201 aestimatur,
1187 2166 1270 2204 quod
1286 2174 1351 2200 ρος,
1367 2164 1418 2202 qui
1435 2164 1548 2193 Persas
1561 2171 1663 2202 oppu-

996 2215 1135 2248 gnarunt,
1155 2208 1313 2247 praeclaris
1337 2207 1485 2237 extulerit
1508 2206 1662 2236 laudibus.

995 2254 1069 2283 236.
1095 2252 1255 2281 adhibetur
1265 2251 1293 2280 in
1306 2249 1430 2279 musicis
1442 2249 1662 2279 certaminibus

995 2295 1220 2333 liberorumque
1232 2293 1434 2323 institutione.
1447 2292 1523 2322 ibid.
1549 2291 1586 2321 ab
1600 2292 1665 2321 ne—

996 2338 1063 2368 lena
1080 2349 1137 2377 per
1152 2347 1287 2366 somnum
1306 2336 1343 2365 ad
1359 2335 1493 2365 carmina
1510 2344 1563 2364 sua
1580 2344 1664 2364 com-

997 2382 1138 2420 ponenda
1155 2380 1309 2409 excitatus
1327 2383 1472 2407 narratur.
1486 2379 1560 2408 479.
1583 2377 1664 2406 unde

998 2425 1082 2453 illius
1097 2423 1230 2453 carmina
1246 2426 1358 2452 tantam
1380 2420 1590 2450 celebritatem
1613 2429 1665 2449 ua·

998 2472 1046 2496 cta
1058 2467 1127 2496 sint.
1140 2469 1214 2496 480.
1239 2465 1339 2506 poesis
1351 2464 1461 2493 iterum
1478 2472 1662 2493 commemo—

999 2514 1092 2540 ratur.
1114 2512 1188 2540 508.
1207 2519 1273 2547 seq.
1296 2507 1349 2537 illo
1366 2516 1471 2536 omnes
1493 2506 1666 2539 inferiores,

1000 2553 1050 2592 qni
1072 2551 1101 2581 in
1117 2552 1224 2582 eodem
1243 2560 1374 2590 poeseos
1392 2559 1502 2589 genere
1524 2549 1662 2578 elabora-

1000 2601 1079 2625 runt.
1096 2596 1171 2629 571.
1193 2604 1330 2632 magnam
1348 2592 1454 2622 babuit
1468 2592 1508 2622 ub
1531 2591 1664 2630 pruden-

1000 2638 1071 2667 tiam
1085 2638 1203 2667 t’amam.
1216 2638 1291 2668 576.
1313 2637 1389 2665 deos
1402 2643 1613 2673 nonnunquam
1626 2633 1666 2662 de

1001 2681 1112 2711 suturis
1129 2681 1220 2710 rebus
1234 2679 1443 2709 deliberantes
1457 2678 1538 2706 facit.
1558 2675 1633 2705 ibid.

959 2723 1136 2754 Homeridae
1147 2728 1277 2757 narrant,
1286 2722 1454 2752 Homerum
1465 2730 1519 2758 per
1530 2728 1668 2748 somnum

1002 2768 1038 2797 ad
1055 2766 1257 2796 celebrandos
1273 2766 1383 2795 heroes
1400 2765 1438 2793 ad
1449 2763 1572 2800 ‘l'roJam
1590 2761 1668 2791 mili—

1003 2815 1114 2845 tantes,
1129 2810 1167 2838 ub
1186 2809 1309 2839 Helena
1324 2807 1491 2838 excitatum
1505 2815 1583 2834 esse.
1594 2805 1671 2835 479.

261 2898 397 2928 solentes
428 2897 456 2926 in
489 2896 618 2936 patriam
657 2896 740 2925 abire
767 2897 925 2934 jubentur.
1100 2918 1105 2924 .
1304 2876 1332 2904 Ῑ·
1661 2926 1670 2934 ·

259 2941 336 2970 ibid.
355 2941 603 2970 Lacedaemonem
615 2943 643 2968 et
662 2938 830 2968 Messenen
843 2938 878 2967 nd
893 2948 926 2967 se
962 2935 1095 2971 Idrieus,
1105 2933 1358 2974 opulentissimus
1367 2931 1451 2962 Asiae
1464 2935 1594 2970 satrapa,
1604 2938 1673 2967 regi

261 2983 416 3022 pertinere
427 2988 648 3021 cognoverunt.
660 2981 734 3010 ibid.
752 2981 928 3011 Heraclidae
1010 2979 1168 3008 Persarum
1183 2978 1261 3007 houd
1279 2977 1383 3006 sarens
1399 2976 1438 3004 ob
1454 2973 1554 3004 fratris
1566 2977 1674 3002 contu.-

263 3030 333 3059 sunt
350 3025 496 3056 Persidae.
513 3025 588 3056 ibid.
614 3025 790 3055 Heraclida?
803 3024 928 3065 (Teme-
971 3066 981 3073 .
1008 3020 1139 3051 melium.
1155 3022 1231 3051 278.

967 3075 986 3094 :2
1006 3075 1023 3095 r
