1914 3314
485 190 649 231 ΠΕΡΙ
706 190 857 237 ΤΟὙ

911 190 1278 233 ΖΕΎΓΟΥΣ.
1490 178 1595 237 673

165 307 332 367 πόλεως
352 309 435 359 τῶν
460 307 681 383 Ἀργείων,
703 307 786 358 τῶν
807 329 855 358 τε
882 306 1105 380 πρέσβεων
1131 308 1213 358 τῶν
1237 307 1393 358 ἐκεῖθεν
1417 303 1596 367 ἡκόντων

166 380 246 432 καὶ
287 383 369 433 τῶν
396 380 548 433 ἄλλων
575 384 657 433 τῶν
692 378 857 432 εἷὸότων
890 379 1116 440 οἷκηκόατε
1143 381 1479 455 μαρτυρούντων.
1523 377 1596 430 τόν

166 454 299 507 aurbu
329 454 370 507 δὲ
400 457 560 529 τρόπον
588 453 790 512 ἅπαντες
815 452 918 504 εἰσ-ιν
946 451 1180 522 εἰθισμένοι
1207 478 1262 522 με
1294 463 1594 516 συκοφαντεῖν.

165 529 252 587 τοὶς
274 527 352 599 μὲν
370 531 460 602 ‘yde
480 527 605 587 δίκας
621 527 725 595 ὑπὲρ
746 530 829 578 τῶν
848 524 958 580 ἰδίων
978 526 1272 597 ἐγκλημάτων
1291 526 1595 593 λαγχάνουσι,

123 621 148 659 b
166 603 252 661 τοὶς
297 601 338 655 δὲ
385 602 657 677 κατηγορίας
697 600 802 676 ὑπὲρ
858 601 940 652 τῶν
977 602 1055 659 rig
1099 600 1267 660 πόλεως
1315 600 1596 676 πραγμάτων

163 729 262 755 tamen
272 726 406 755 exsulare
416 726 689 764 maluerunt‚qnam
699 725 864 764 tyrannidis

162 769 326 808 participes
342 778 408 798 esse
425 770 565 807 civesque
588 769 699 798 intueri
718 768 863 798 servitute

164 821 339 851 oppressos.
387 812 536 850 Tyrannis
570 811 729 841 admodum
761 811 862 845 invisi,

163 858 277 883 tantum
299 855 379 893 apud
395 854 516 883 exsules
531 855 608 883 nacti
629 859 698 883 sunt
715 854 814 888 fidem,
831 859 863 882 ut

163 898 244 926 omni
269 907 305 926 eo
331 902 465 936 tempore
493 897 599 937 populi
623 897 716 927 duces
741 897 862 931 fuerint,

163 945 251 979 atque
267 940 442 969 Alcibiades
464 946 495 969 et
516 940 697 973 Clisthenes,
717 939 791 968 alter
811 949 863 977 pa-

161 988 277 1017 ternus,
291 982 367 1012 alter
378 989 530 1013 maternus
541 983 636 1021 patris
646 981 707 1011 mei
717 991 862 1020 proavus,

164 1023 862 1064 ahexsiliopopulumreduxerint,tyrannisque

164 1068 283 1106 ejectis,
298 1078 361 1096 eain
372 1068 585 1096 constituerent
597 1066 860 1100 democratiam,in

163 1120 221 1148 qua
238 1110 321 1140 cives
338 1109 381 1139 ita
402 1116 472 1139 sunt
491 1111 526 1138 ad
551 1110 755 1140 fortitudinem
776 1108 861 1137 insti-

162 1152 234 1188 tuti,
248 1157 281 1182 nt
300 1152 465 1187 Barbaros,
481 1152 530 1191 qui
548 1156 651 1181 contra
666 1157 760 1181 totam
777 1152 860 1180 Grae-

162 1196 240 1225 ciam
256 1200 410 1230 venerant,
426 1196 483 1224 soli
501 1195 609 1233 proelio
627 1194 790 1228 vincerent,
807 1194 859 1223 iis-

162 1248 221 1276 que
233 1238 309 1267 ultro
322 1239 472 1268 traderent
483 1238 582 1268 Graeci
592 1238 681 1267 maris
691 1237 860 1275 imperium.

162 1280 245 1322 (ια’.)
265 1280 407 1311 Amorem
423 1281 514 1318 igitur
529 1281 634 1321 populi
658 1291 674 1309 a
695 1280 860 1320 majoribus

162 1324 281 1363 accepit
297 1324 486 1359 Alcibiades,
508 1325 570 1362 qui,
586 1323 721 1362 pupillus
736 1333 753 1352 a
774 1328 859 1361 patre

159 1367 298 1403 relictus,
316 1371 444 1396 tutorem
461 1367 564 1396 habuit
582 1366 742 1401 Periclem,
757 1366 860 1395 ruode-

162 1410 326 1439 stissimum
349 1415 379 1439 et
396 1410 600 1448 justissimum
622 1415 652 1438 et
674 1409 860 1447 sapientissi-

161 1462 241 1482 mum
271 1452 380 1482 civem.
432 1453 499 1483 Jam
527 1452 642 1482 virilem
681 1457 861 1481 consecutus

161 1500 281 1524 aetatem
304 1506 360 1524 non
381 1496 577 1534 degeneravit
599 1505 616 1524 a
639 1494 748 1524 virtute
768 1497 860 1533 majo-

160 1548 239 1573 rum,
255 1538 308 1567 sed
323 1544 403 1577 tanta
417 1538 470 1568 suit
483 1537 736 1577 magnanimitate,
749 1542 780 1566 ut
797 1537 862 1567 exi-

158 1580 309 1617 stimaret,
318 1585 461 1620 oportere
471 1591 502 1610 se
514 1587 639 1620 propter
646 1585 740 1610 semet
751 1580 862 1619 ipsum,

162 1634 221 1653 non
235 1624 274 1653 ob
289 1623 408 1653 illorum
420 1634 470 1653 res
486 1630 587 1658 gestas
600 1623 757 1653 celebrari.
781 1622 864 1663 (ιβ’.)

162 1665 212 1696 Ao
226 1666 356 1706 primurn
369 1672 476 1696 contra
485 1667 619 1696 Thraces
633 1666 712 1695 inter
727 1666 862 1695 delectos

163 1709 246 1740 viros
262 1710 339 1739 duce
359 1710 539 1739 Phormione
557 1709 688 1739 militans
706 1719 816 1738 corona
833 1714 864 1739 et

161 1758 311 1783 armatura
325 1753 362 1782 ab
376 1752 559 1792 imperatore
576 1756 624 1781 est
638 1757 770 1781 ornatus.
784 1751 862 1791 (ιγ’.)

160 1795 238 1825 Post
265 1795 362 1835 prima
389 1796 454 1825 haec
484 1795 697 1825 adolescentiae
733 1794 865 1824 facinora

156 1843 284 1869 matrem
305 1849 415 1876 meam,
440 1838 623 1878 Hipponici,
650 1837 760 1877 opibus
786 1838 864 1868 inter

160 1882 284 1912 Graecos
299 1881 446 1921 principis
463 1887 493 1911 et
504 1881 602 1911 aetatis
618 1891 679 1910 suae
695 1881 863 1911 honoratis-

161 1924 229 1954 simi
240 1925 380 1958 bominis,
388 1925 520 1960 filiam,in
530 1923 751 1954 matrimonium
763 1924 862 1953 duxit.

159 1966 239 2009 (ιδ’.)
263 1968 352 1998 Circa
374 1968 478 1997 eadem
499 1971 647 2007 tempora,
669 1977 758 2005 quum
779 1966 863 1996 vide-

158 2015 207 2040 ret
228 2010 419 2051 Olympicam
439 2010 646 2040 celebritatem
667 2010 704 2038 ab
724 2009 862 2042 omnibus

159 2054 253 2083 amari
269 2059 297 2083 et
313 2053 483 2093 praedicari,
500 2053 601 2092 ibique
617 2053 736 2082 nomine
753 2053 862 2082 civita-

158 2096 200 2126 tis
210 2097 240 2127 in
252 2096 347 2126 totius
358 2096 485 2138 Graeciae
496 2096 728 2127 delectationem
741 2105 863 2126 munera

161 2139 269 2175 subiri,
285 2140 399 2169 relictis
415 2140 552 2169 omnibns
562 2139 775 2169 certaminibus
792 2139 861 2168 reli-

158 2183 229 2221 quis
243 2192 337 2221 equos
351 2183 431 2212 alere
446 2182 596 2221 suscepit,
611 2193 698 2221 quam
716 2181 861 2220 plurimos

158 2225 256 2266 iisque
272 2226 396 2265 primam
413 2224 502 2255 simul
518 2231 549 2255 et
564 2225 726 2255 secundam
748 2228 780 2254 et
802 2230 861 2254 ter-

158 2269 230 2298 tiam
248 2268 373 2308 palmam
393 2268 506 2298 retulit.
543 2268 645 2306 Atque
667 2267 861 2307 quemadmo-

158 2311 230 2341 dum
239 2311 273 2340 in
285 2312 340 2341 hac
355 2312 428 2341 urbe
445 2311 474 2340 in
485 2311 694 2347 aedilitatibus,
711 2311 861 2350 gymnasi—

158 2353 270 2386 archiis
279 2360 309 2384 et
323 2354 507 2384 trierarchiis
519 2364 622 2384 omnes
638 2353 804 2394 superavit,
816 2354 861 2383 sic

155 2407 277 2436 quoque
289 2397 330 2426 ibi
341 2397 370 2426 in
385 2397 542 2427 sacrificiis
551 2397 678 2436 aliisque
690 2396 863 2436 sumptibus

158 2440 271 2476 effecit,
290 2445 323 2469 ut
340 2440 412 2469 nulli
435 2450 563 2479 unquam
582 2440 773 2470 excellentiae
795 2441 862 2478 ejus

158 2493 230 2522 spes
245 2482 476 2522 relinqueretur.
505 2481 581 2524 (ιε’.)
603 2483 692 2521 Quod
709 2488 808 2512 autem
824 2483 860 2512 ad

158 2526 373 2565 rempublicam
398 2526 516 2561 attinet,
542 2526 618 2555 adeo
643 2525 782 2565 reliquis,
809 2526 861 2564 qui

158 2568 290 2599 maxime
310 2569 403 2599 habiti
426 2574 495 2598 sunt
517 2569 687 2608 populares,
712 2569 740 2598 in
763 2578 860 2607 popu-

157 2612 220 2642 lum
252 2612 479 2642 benevolentior
502 2612 634 2647 exstitit,
661 2617 694 2641 ut
722 2612 860 2640 exsulare

159 2665 247 2694 quam
270 2655 441 2695 oligarchiae
467 2654 621 2693 particeps
643 2661 694 2684 aut
719 2654 861 2693 princeps

147 2707 227 2728 >esse
241 2698 353 2732 mallet,
367 2698 446 2737 quod
463 2698 573 2727 clarius
585 2704 711 2736 apparet
725 2707 763 2726 ex
780 2697 860 2726 sedi-

159 2740 305 2776 tionibus,
333 2741 364 2770 in
394 2751 516 2780 quarum
550 2740 647 2779 prima
682 2739 860 2779 simulatque

160 2782 246 2813 illum
271 2783 485 2820 removissent,
515 2783 619 2824 populi
651 2782 860 2813 auctoritatem

161 2825 378 2862 dissolverunt,
392 2827 422 2857 in
439 2827 572 2856 secunda
591 2826 707 2865 primus
726 2825 776 2855 ille
791 2825 860 2862 suit,

159 2878 248 2907 quem
258 2869 369 2899 exsilio
384 2869 576 2900 mulctarunt.
598 2869 802 2899 Nihilominus
817 2875 861 2898 ta-

161 2921 229 2941 men
252 2912 338 2942 multi
360 2912 444 2942 cives
465 2913 492 2942 ei
516 2912 622 2942 offensi
650 2912 770 2942 fuerunt
795 2916 859 2942 tan-

145 2963 248 2992 vquam
257 2964 380 2993 regnum
393 2955 557 2991 affectanti,
572 2966 628 2985 non
645 2965 661 2984 e
678 2955 765 2984 sactis
780 2965 859 2990 enm,

160 2997 216 3027 sed
237 2998 387 3028 communi
408 2998 595 3038 principatus
621 2999 806 3037 appetitione
831 3002 859 3027 et

898 725 1006 763 opibus
1021 735 1056 754 ac
1074 725 1207 764 potentia
1223 724 1433 762 dijudicantes.
1448 723 1529 764 (ις’.)
1544 725 1596 752 At-

897 778 955 806 qne
976 767 1076 797 missis
1097 767 1164 796 aliis
1180 768 1283 796 inultis
1302 768 1358 796 boc
1379 773 1492 796 tantum
1514 776 1595 795 com-

896 821 1062 840 memorare
1080 810 1161 845 volo,
1177 810 1257 849 quod
1272 809 1356 838 illius
1375 809 1506 838 felicitas
1527 819 1594 837 cum

897 853 1029 882 civitatis
1044 853 1095 882 illa
1108 858 1164 881 tam
1187 859 1268 881 arcte
1284 853 1459 886 cohaereret,
1475 857 1505 880 ut
1521 852 1596 880 hano

895 901 1000 934 optare
1013 896 1057 924 iili
1069 906 1192 924 necesse
1208 901 1300 924 esset.
1337 894 1372 924 In
1389 894 1523 923 civitatis
1538 894 1593 932 igi-

895 944 944 967 tur
969 937 1136 967 calamitate
1157 948 1276 976 semper
1297 936 1520 966 infelicissimus
1549 946 1595 965 re-

894 986 1002 1019 pertus
1023 987 1079 1010 est·
1116 980 1199 1010 Hinc
1214 980 1319 1009 eadem
1336 990 1455 1018 semper
1472 978 1519 1007 itti
1539 979 1595 1008 fuit

895 1034 960 1052 cum
978 1023 1101 1052 civitate
1119 1021 1266 1056 voluntas,
1283 1022 1404 1051 diversa
1418 1031 1541 1059 prorsus
1556 1022 1593 1050 ab

894 1065 988 1094 affinis
1004 1065 1061 1100 tui,
1077 1064 1174 1099 Tisia,
1196 1064 1346 1097 consiliis,
1361 1069 1392 1092 et
1406 1063 1503 1102 ipsius
1518 1062 1592 1097 tuis,

894 1108 944 1146 qui
958 1108 1014 1137 sub
1027 1108 1163 1146 Triginta
1179 1107 1306 1135 Senator
1318 1107 1414 1145 fuisti,
1430 1116 1487 1135 non
1503 1115 1592 1144 repu-

893 1151 992 1184 tantis,
1018 1151 1043 1179 si
1065 1151 1217 1179 decretum
1239 1149 1342 1185 fuerit,
1362 1154 1394 1178 ut
1411 1154 1528 1178 veteres
1549 1148 1594 1177 of-

892 1194 986 1222 fensae
1014 1194 1183 1232 puniantur,
1210 1192 1265 1222 tibi
1290 1198 1320 1221 et
1342 1192 1426 1231 prius
1451 1196 1481 1221 et
1499 1191 1594 1230 magis

893 1247 979 1275 quam
998 1237 1068 1265 mibi
1085 1235 1316 1275 periclitandum
1336 1245 1415 1264 esse,
1450 1236 1495 1264 'ru
1513 1234 1592 1263 enim

893 1280 1003 1318 etipse
1020 1289 1056 1308 ea
1073 1279 1186 1314 fecisti,
1203 1289 1269 1317 quae
1293 1278 1368 1316 patri
1388 1287 1456 1306 meo
1476 1277 1594 1306 crimini

892 1322 958 1358 das,
970 1327 1000 1351 et
1015 1322 1082 1351 aliis
1098 1332 1132 1351 ac
1144 1322 1195 1350 ille
1207 1322 1244 1350 de
1257 1321 1366 1350 causis.
1389 1318 1468 1360 (ιζ’.)
1483 1320 1542 1349 Sed
1555 1320 1594 1349 de

892 1365 938 1394 his
954 1365 1039 1399 alias,
1050 1365 1169 1404 quando
1180 1364 1247 1402 ipse
1259 1364 1388 1393 fortasse
1403 1364 1434 1392 in
1445 1363 1594 1401 judicium

894 1408 1061 1437 vocaberis.
1109 1409 1198 1437 Nunc
1213 1412 1310 1436 autem
1328 1416 1346 1435 a
1361 1406 1446 1435 vobis
1462 1411 1544 1446 peto,
1563 1410 1595 1434 ut

893 1460 940 1479 me
951 1451 1078 1488 juvetis,
1094 1461 1149 1480 nec
1164 1450 1258 1489 patria
1274 1449 1396 1488 spoliari
1411 1457 1463 1478 aut
1473 1448 1595 1477 infamia

893 1494 1089 1533 conspicuum
1109 1493 1173 1522 fieri
1194 1491 1357 1533 patiamini,
1377 1502 1467 1531 quum
1488 1491 1594 1521 etiam-

894 1546 962 1564 num
979 1536 1077 1565 omnia
1096 1536 1258 1565 infortunia
1278 1534 1467 1565 exhauserim
1487 1544 1595 1572 paren-

895 1579 976 1608 tibus
992 1580 1020 1608 in
1037 1579 1132 1617 prima
1150 1578 1273 1608 infantia
1291 1578 1425 1614 orbatus,
1444 1587 1521 1616 puer
1541 1577 1594 1606 ad·

897 1622 953 1651 huc
968 1632 985 1650 a
999 1622 1136 1661 Triginta
1151 1623 1225 1650 urbe
1240 1620 1344 1661 pulsus
1358 1625 1388 1649 et
1402 1619 1485 1650 tenui
1500 1620 1593 1659 patri-

896 1665 994 1694 monio
1011 1675 1065 1703 per
1080 1664 1221 1694 inimicos
1236 1662 1593 1702 spoliatus,quidenique

895 1718 974 1737 nunc
997 1707 1027 1737 in
1055 1707 1186 1737 insamiae
1211 1705 1349 1746 periculo
1373 1715 1486 1735 versor.
1531 1706 1593 1734 Res

895 1757 994 1780 autem
1020 1761 1093 1780 meae
1116 1751 1157 1780 ita
1179 1753 1249 1779 sunt
1271 1753 1463 1787 comparatae,
1485 1751 1517 1777 nt
1538 1757 1594 1787 pet·

897 1804 929 1822 se
949 1794 1239 1822 commiserationem
1258 1797 1389 1822 vestram
1411 1795 1592 1825 mereantur,

897 1837 1016 1866 tametsi
1029 1847 1085 1874 ego
1099 1847 1153 1865 vos
1165 1846 1200 1865 eo
1211 1835 1362 1864 deducere
1375 1844 1431 1863 non
1443 1834 1591 1863 studeam.

897 1879 1027 1918 Indigna
1050 1880 1149 1917 patior
1175 1884 1236 1908 tum
1257 1888 1317 1913 me,
1343 1882 1406 1906 tum
1426 1876 1592 1915 majoribus

896 1922 982 1951 meis.
1027 1923 1163 1952 Maxime
1180 1927 1278 1950 autem
1298 1922 1336 1949 ob
1351 1920 1415 1949 haec
1434 1919 1591 1959 indignor:

896 1964 1036 2002 primum,
1054 1966 1078 1995 si
1093 1964 1144 1995 isti
1161 1974 1266 2005 poenas
1280 1964 1351 1992 dare
1364 1973 1466 2001 cogar,
1482 1963 1520 1991 de
1533 1971 1592 2002 quo

897 2018 1016 2037 sumere
1043 2009 1182 2038 deberem
1197 2018 1205 2045 ;
1234 2006 1355 2041 deinde,
1380 2006 1405 2035 si
1430 2006 1593 2045 ignominia

896 2052 1032 2087 notabor,
1050 2052 1088 2081 ob
1108 2061 1174 2090 quae
1194 2050 1269 2079 alios
1294 2049 1415 2088 praemia
1436 2048 1591 2087 accepisse

897 2094 1009 2131 vide03
1032 2100 1112 2134 post,
1135 2093 1160 2123 si
1185 2093 1262 2122 rnale
1287 2093 1323 2121 ab
1347 2092 1485 2121 omnibus
1507 2092 1592 2121 exci-

896 2137 973 2176 piar,
999 2147 1074 2176 quos
1105 2146 1254 2175 nunqnam
1288 2134 1398 2164 offendi
1413 2146 1420 2173 3
1452 2135 1592 2173 denique,

896 2180 922 2209 si
938 2190 993 2209 vos
1010 2181 1116 2210 eodem
1134 2190 1206 2218 erga
1224 2188 1271 2207 me
1293 2178 1389 2207 animo
1405 2188 1473 2207 esse
1491 2177 1590 2213 video,

897 2233 954 2262 quo
971 2223 1106 2262 Triginta
1126 2222 1257 2256 fuerunt,
1275 2230 1390 2260 egoque
1407 2231 1460 2258 per
1476 2231 1530 2250 vos
1548 2220 1591 2250 ci—

897 2265 988 2295 vitate
1002 2266 1235 2295 extertninabor.
1258 2264 1368 2294 Ins-0.
1393 2263 1494 2299 Quum
1508 2263 1591 2293 Alci-

897 2309 1002 2338 biadcs
1013 2308 1162 2338 exsularit
1174 2317 1250 2336 anno
1261 2308 1333 2337 415.
1347 2311 1412 2336 ante
1426 2306 1592 2346 Christum,

896 2361 1046 2390 quomque
1060 2362 1097 2381 eo
1118 2355 1255 2390 tempore
1271 2350 1350 2380 filius
1372 2353 1500 2388 quatuor
1514 2349 1590 2378 dun-

895 2399 979 2424 taxat
998 2405 1090 2424 annos
1109 2393 1256 2432 attigerit,
1272 2398 1302 2422 et
1320 2392 1462 2422 debuerit
1482 2391 1591 2431 viginti

896 2438 933 2467 ad
950 2437 1047 2467 minus
1064 2436 1277 2476 adimplevisse
1301 2435 1419 2475 quando
1431 2435 1507 2464 hauc
1521 2445 1590 2464 cau-

896 2491 957 2510 sam
975 2481 1103 2516 diceret,
1118 2480 1184 2509 haec
1202 2478 1308 2514 oratio,
1325 2478 1414 2508 modo
1429 2478 1511 2508 dicta
1524 2478 1591 2507 fue-

895 2524 947 2559 rit,
964 2524 1070 2553 debuit
1083 2523 1173 2553 scribi
1190 2531 1265 2551 anno
1281 2522 1402 2551 circiter
1415 2526 1484 2550 ante
1500 2521 1588 2550 Chri-

896 2572 973 2596 stum
986 2568 1059 2597 399.
1071 2565 1259 2596 etlsocratis
1268 2564 1366 2594 aetatis
1376 2566 1428 2594 70.
1455 2566 1589 2594 Auo-¹:1³.

939 2609 1119 2650 ΖΕΥΓΟΥΣ]
1143 2609 1192 2638 Ad
1209 2609 1284 2637 hanc
1298 2607 1461 2637 orationem
1478 2606 1590 2636 rectius

894 2652 1119 2692 intelligendam
1137 2651 1207 2681 vide
1227 2650 1417 2680 Alcibiadem
1437 2649 1591 2680 Plutarchi

895 2701 926 2725 ct
953 2695 1170 2733 Xenophontis
1192 2693 1340 2724 Ἑλληνικὰ
1365 2700 1396 2723 et
1422 2693 1588 2723 Diodorum

894 2739 1028 2769 Siculum
1045 2738 1067 2768 l·
1079 2738 1137 2768 xii.
1151 2744 1193 2767 et.
1210 2737 1278 2767 xiii.
1300 2736 1420 2767 Won.

937 2781 1050 2822 Tio-lav]
1073 2780 1170 2820 Apud
1190 2779 1379 2810 Andocidem
1399 2789 1425 2808 c.
1443 2777 1546 2808 Alcib.
1562 2776 1588 2815 §-

895 2824 934 2860 ι’.,
951 2824 1148 2854 Plutarchum
1166 2823 1195 2853 in
1214 2823 1277 2853 Vir.
1295 2823 1321 2863 §.
1339 2826 1400 2856 1²2„
1419 2826 1450 2850 et
1473 2819 1588 2849 Diodo-

894 2878 959 2897 rum
974 2867 1106 2897 Siculum
1123 2867 1143 2896 l.
1158 2866 1224 2896 xiii.
1239 2868 1292 2896 ⁷4.
1310 2863 1475 2895 Diomedes
1495 2862 1587 2891 nomi-

894 2916 999 2941 natur:
1015 2910 1113 2940 utalia
1123 2909 1362 2940 videntursnisse
1371 2905 1586 2936 controversia.

937 2951 1121 2994 Kanyogiac]
1146 2952 1197 2983 Ad
1214 2951 1337 2990 Lysiam
1354 2961 1379 2979 c.
1395 2948 1541 2978 't'heomm
1555 2947 1587 2976 ii.

895 2997 921 3036 ξ.
937 2995 974 3033 γ’.
989 2996 1150 3036 κακηγορίας
1167 2995 1230 3025 vnlt
1247 2992 1418 3024 Markland.

895 3043 914 3070 4
932 3050 950 3069 n
