1914 3314
147 917 224 954 Pag-

171 959 221 989 ed.

151 1002 222 1031 Cor.

145 1047 222 1081 310

913 560 992 603 IE.

665 675 1239 726 ΙΣΟΚΡΑΤΟΥΣ

444 799 682 848 ΠΕΡΙ

746 796 1452 848 1ΑΝΤΙΔΟΣΕΩΣ.

312 1053 369 1081 οι.
399 1038 457 1081 ΕΙ
478 1054 554 1098 μεν
572 1028 711 1099 ὅμοιος
728 1030 773 1091 ἦν
792 1030 812 1080 ὃ
832 1029 962 1097 λογος
986 1031 1005 1082 ὂ
1024 1029 1197 1100 μελλων
1223 1026 1664 1095 dvoeymo-Sn'o-sffloee

296 1102 399 1130 02&
491 1103 501 1121 Ν

241 1127 329 1161 τοις
372 1128 395 1164 η
413 1127 524 1171 προς
544 1127 642 1162 τους
656 1104 831 1170 οἷγωνας
843 1105 868 1165 ἢ
885 1127 990 1179 προς
1005 1104 1092 1162 τοὶς
1110 1100 1367 1168 ἓπιὸειξεις3
1377 1099 1658 1173 γιγνομένοις,

241 1219 250 1238 ¹
272 1223 343 1248 ΤΗΣ
366 1223 594 1248 Ammon-:522
612 1217 651 1248 A.
669 1217 706 1249 C.
723 1219 758 1248 L.

283 1298 561 1328 SUMMARIUM.
583 1298 655 1339 (α’.)
671 1299 840 1329 Exordium.
864 1300 932 1329 Nisi

241 1341 334 1371 oratio
350 1341 413 1370 haec
429 1341 589 1380 peculiaris
607 1352 640 1371 ac
656 1343 726 1371 novi
743 1351 865 1380 prorsus
880 1352 932 1378 ge-

239 1385 321 1413 neris
339 1389 428 1418 esset,
444 1385 619 1423 praefatione
640 1394 696 1413 non
715 1390 833 1423 egeret3
855 1394 932 1413 nuno

239 1427 451 1465 discrepantiae
467 1428 554 1465 hujus
571 1427 646 1456 ratio
662 1432 728 1456 ante
745 1427 844 1456 omnia
858 1426 932 1456 mihi

240 1469 394 1498 reddenda
414 1474 470 1498 est.
499 1468 575 1509 (ΒΖ)
592 1470 658 1498 Non
679 1469 851 1507 ignorabam
868 1468 933 1507 qui-

240 1511 320 1547 dem,
336 1511 492 1540 nonnullos
514 1512 664 1549 sophistas
687 1512 785 1541 studia
800 1522 867 1541 mea
885 1521 933 1541 ca-

240 1553 389 1589 lumniari,
415 1554 582 1583 forensibus
608 1558 721 1583 tantam
749 1554 934 1584 orationibus

241 1597 406 1625 scribendis
431 1606 478 1625 me
504 1606 624 1634 operam
652 1596 722 1625 dare
747 1597 932 1632 dictitantes,

239 1648 332 1676 parva
347 1638 483 1667 nimirum
503 1649 569 1667 cum
586 1638 698 1678 magnis
715 1644 933 1678 comparantes,

238 1690 387 1719 nunquam
403 1685 500 1710 tamen
517 1681 603 1710 istam
616 1681 674 1710 mei
691 1683 933 1712 extenuationem

238 1723 318 1752 ultus
331 1734 407 1758 sum,
420 1734 520 1762 quum,
532 1724 634 1763 quoin
648 1734 755 1762 genere
768 1726 932 1754 orationum

237 1766 415 1801 laborarem,
433 1766 531 1795 cuivis
554 1766 743 1796 manifestum
761 1778 828 1796 esse
850 1773 932 1807 puta-

238 1819 312 1844 rem,
327 1813 416 1848 atque
431 1810 468 1838 ob
482 1809 538 1838 hoc
552 1819 648 1838 meum
666 1809 833 1840 institutum
849 1810 932 1849 quie-

237 1851 334 1890 tisque
350 1852 491 1887 studium,
508 1852 589 1890 apud
604 1861 705 1881 ornnes
721 1853 805 1882 cives
823 1853 932 1892 gratio-

196 1910 199 1918 ·
239 1904 290 1923 sus
311 1904 378 1924 esse
401 1894 472 1923 mibi
496 1895 629 1931 viderer3
659 1895 710 1923 sed
732 1895 762 1924 in
783 1895 840 1924 fine
862 1896 931 1924 vitae

238 1947 311 1965 meae
332 1937 369 1965 de
393 1937 596 1976 permutandis
619 1937 705 1967 bonis
729 1937 757 1966 in
782 1938 929 1975 judicium

237 1984 375 2014 vocatus,
399 1979 508 2008 multos
532 1981 570 2009 de
593 1979 705 2018 populo
728 1990 869 2018 perverse
891 1981 930 2009 de

238 2032 285 2051 me
299 2021 471 2051 existimare
494 2026 524 2051 et
540 2022 647 2051 melius
668 2023 792 2052 edoctos
809 2023 929 2052 invidos

238 2075 305 2093 esse
330 2065 413 2101 vidi3
435 2074 601 2103 quanquam
624 2064 700 2093 enim
724 2075 833 2100 causae,
855 2076 928 2104 quas

238 2107 425 2137 adversarius
441 2117 523 2136 meus
544 2107 726 2146 proferebat.
748 2109 847 2137 sutiles
865 2115 928 2137 tan-

239 2155 298 2178 turn
328 2155 424 2186 erant,
452 2160 557 2179 munus
584 2155 680 2178 tamen
711 2150 783 2179 illud
810 2150 929 2188 judices

239 2192 310 2221 mihi
326 2191 494 2222 obeundum
510 2203 576 2221 esse
591 2193 801 2227 decreverunt,
813 2203 928 2232 egoque

240 2235 312 2264 illud
329 2235 444 2274 sucepi.
481 2234 553 2275 (γ’.)
570 2235 657 2274 Quod
677 2236 730 2264 hac
746 2236 862 2265 demum
879 2247 929 2265 oc-

238 2278 356 2307 casione
372 2278 611 2307 animadvertens
626 2283 653 2306 et
667 2278 843 2311 deliberans,
855 2289 929 2317 quo-

239 2320 327 2349 modo
340 2330 395 2350 non
410 2327 522 2350 tantum
537 2320 928 2359 aequatibus‚verume1iam

239 2363 469 2400 posterioribus,
484 2363 553 2392 vitae
570 2374 641 2393 ineae
657 2363 798 2393 rationem
814 2373 848 2393 ao
865 2370 928 2393 stn-

237 2405 286 2434 dia
298 2410 363 2434 ante
375 2407 479 2435 oculos
491 2406 575 2444 quasi
586 2416 737 2445 ponerem,
747 2406 858 2442 inveni,
873 2407 928 2437 hoc

186 2450 192 2462 ⁸
237 2448 344 2477 melius
371 2448 432 2477 fieri
461 2459 550 2487 posse
576 2449 722 2484 oratione,
747 2460 812 2488 quas
837 2450 929 2480 veluti

201 2984 206 2989 .
234 2960 325 2991 editis
349 2959 465 2991 mollior
486 2970 554 2990 esse
577 2960 738 2990 videbitur.

238 2489 337 2530 imago
350 2491 456 2520 mentis
467 2501 540 2520 meae
555 2503 588 2521 ac
604 2492 781 2531 reliquarum
798 2502 927 2522 mearum

236 2542 335 2562 rerum
360 2539 451 2568 esset,
471 2544 555 2574 quam
580 2535 715 2573 corporis
739 2535 795 2564 mei
819 2535 926 2572 effigie.

234 2574 306 2615 (θ’.)
326 2576 374 2605 Ne
395 2586 467 2605 vero
489 2577 684 2606 laudationem
709 2577 767 2606 mei
789 2578 926 2608 scribens

237 2618 323 2657 plura
332 2618 467 2647 omittere
479 2629 612 2657 cogerer,
621 2630 685 2658 quae
695 2621 822 2650 dicenda
833 2627 926 2657 erant,

236 2666 266 2691 et
291 2661 433 2690 invidiam
460 2662 632 2697 excitarem,
660 2663 734 2692 liano
762 2663 924 2693 orationem

236 2703 402 2743 composui,
422 2703 452 2732 in
476 2705 606 2742 speciem
628 2705 810 2734 defensionis
826 2716 924 2736 coram

232 2746 388 2785 judicibus
411 2751 512 2775 contra
532 2747 695 2776 adversarii
712 2748 876 2777 calumnias
893 2750 924 2779 fi-

235 2793 324 2819 ctam.
346 2787 412 2829 (ε’.)
426 2789 571 2826 Quoniam
586 2799 656 2819 vero
670 2790 781 2829 scripta
793 2796 838 2820 est
849 2802 924 2821 anno

234 2832 334 2862 aetatis
356 2842 429 2861 meae
453 2832 637 2871 octogesimo
660 2834 803 2869 secundo,
826 2834 925 2864 multi-

235 2875 307 2913 plex
323 2874 375 2904 illa
388 2884 422 2904 ao
437 2874 606 2914 compositu
623 2874 764 2912 difficilis,
777 2877 892 2906 veniam
909 2888 925 2907 a

234 2917 498 2956 lectoribus-peto.
517 2917 542 2947 si
560 2916 743 2947 orationibus
763 2924 830 2947 ante
846 2930 862 2948 a
877 2930 924 2949 me

783 2960 856 3001 (ς’.)
880 2963 925 2992 Ad

234 3002 286 3033 bas
301 3003 393 3043 igitur
405 3003 502 3033 variae
517 3003 639 3038 forman,
650 3003 756 3039 lector,
769 3004 926 3042 respicias,

868 1218 880 1237 ²
901 1218 988 1249 ἧοιῃ.
1005 1217 1045 1247 Α.
1060 1218 1099 1248 C.
1116 1217 1151 1248 L.

1263 1215 1502 1257 3γεγςαμμὲνοις
1515 1215 1556 1247 A.
1572 1215 1610 1248 C·
1625 1216 1660 1248 L·

965 1309 1020 1328 nec
1032 1304 1123 1328 totam
1139 1299 1237 1333 simul,
1253 1300 1306 1329 sed
1323 1309 1378 1338 per
1396 1304 1496 1337 partes
1508 1299 1606 1338 legas,
1622 1299 1661 1336 si,

965 1351 1001 1370 an
1016 1342 1136 1379 dignum
1154 1342 1242 1370 nobis
1257 1342 1351 1371 locuti
1368 1341 1472 1375 simus,
1487 1342 1662 1381 perspicere

966 1383 1052 1413 velis.
1095 1382 1163 1422 (ζ’.)
1189 1384 1282 1422 Finge
1307 1394 1409 1422 porro,
1434 1384 1564 1413 habitam
1592 1394 1661 1414 esse

966 1436 1064 1455 coram
1079 1425 1245 1464 judicibus,
1266 1433 1298 1455 et
1314 1436 1416 1456 verum
1433 1426 1472 1454 de
1488 1436 1540 1456 ,me
1560 1426 1660 1465 expli—

966 1478 1047 1504 care,
1062 1478 1161 1497 rerum
1181 1478 1310 1498 mearum
1329 1468 1449 1506 ignaros
1464 1468 1571 1498 melius
1587 1468 1660 1497 edo-

966 1521 1048 1545 cere,
1057 1510 1416 1549 iuvidosqueinvidiores
1430 1511 1519 1540 etiam
1531 1511 1659 1542 reddere

967 1553 1089 1583 senties.
1141 1551 1210 1593 (η’.)
1235 1554 1332 1591 Quum
1360 1553 1550 1583 adversarius
1574 1564 1660 1584 meus

966 1595 1114 1634 imprimis
1131 1597 1170 1625 sit
1185 1597 1295 1625 mult-ns
1311 1596 1340 1625 in
1355 1606 1403 1633 eo,
1422 1596 1503 1634 quod
1517 1597 1660 1635 eloquen-

966 1638 1037 1667 tiam
1059 1649 1153 1668 meam
1177 1639 1257 1677 apud
1274 1647 1328 1668 vos
1353 1638 1534 1675 criminatur,
1554 1640 1659 1670 dicens

966 1691 1085 1710 causam
1114 1682 1298 1716 inferiorem,
1326 1691 1373 1711 me
1408 1691 1499 1720 posse
1529 1682 1659 1712 dicendo

965 1724 1093 1753 reddere
1110 1725 1310 1763 superiorem,
1326 1724 1373 1753 uui
1395 1723 1512 1753 crimini
1533 1725 1589 1754 iste
1605 1726 1659 1754 ob-

965 1767 1075 1796 noxius
1092 1772 1150 1802 est,
1172 1777 1232 1796 non
1255 1766 1326 1796 item
1347 1776 1415 1805 ego,
1438 1773 1481 1802 ut,
1504 1766 1560 1796 lioc
1575 1767 1658 1797 illius

965 1809 1090 1838 artificio
1106 1810 1339 1843 circumventus,
1361 1809 1408 1838 vel
1426 1808 1501 1838 bene
1518 1809 1564 1839 vel
1580 1810 1658 1840 male

965 1861 1012 1880 me
1027 1852 1198 1885 defendam,
1217 1862 1307 1881 causa
1327 1852 1434 1880 cadere
1456 1861 1576 1889 cogere,
1594 1862 1657 1887 vos,

961 1894 1091 1932 judiees,
1119 1905 1204 1933 rogo,
1234 1905 1270 1923 ne
1295 1894 1476 1929 decernatis,
1499 1900 1657 1933 antequam

965 1942 1094 1966 nostram
1125 1937 1328 1966 defensionem
1361 1941 1453 1965 totam
1488 1937 1657 1972 audieritis,

964 1980 1131 2017 praesertim
1158 1989 1247 2018 quum
1273 1980 1323 2008 vix
1351 1989 1388 2008 ex
1414 1983 1536 2018 utraque
1561 1984 1658 2017 parte,

963 2023 1071 2050 nedum
1088 2032 1127 2051 ex
1143 2032 1210 2057 nna,
1230 2032 1331 2051 verum
1347 2020 1417 2050 elici
1438 2021 1544 2060 possit.
1589 2020 1658 2064 (ἔ.)

963 2061 1165 2094 Maximorum
1181 2070 1262 2094 certe
1279 2065 1421 2093 malorum
1442 2073 1531 2094 causa
1546 2070 1592 2093 est
1609 2074 1658 2094 ca-

962 2106 1084 2142 lumnia,
1098 2118 1163 2145 quae
1179 2107 1439 2136 innocentissimos
1451 2116 1656 2145 nonnunquam

963 2149 1097 2178 homines
1113 2151 1276 2186 damnavit,
1291 2160 1365 2188 quos
1380 2149 1404 2178 si
1418 2149 1446 2178 in
1463 2150 1552 2179 vitam
1568 2160 1656 2180 revo-

962 2202 1029 2221 care
1043 2193 1192 2229 potuisset
1205 2193 1312 2222 civitas
1326 2197 1438 2225 nostra.
1454 2192 1552 2228 magni
1569 2192 1656 2222 reuis-

963 2240 1019 2264 set.
1044 2236 1111 2264 Non
1126 2236 1230 2264 mirum
1244 2235 1348 2274 igitur,
1359 2235 1383 2263 si
1395 2235 1657 2266 calumniatoribus

962 2278 1149 2312 accusandis,
1171 2279 1220 2317 qui
1237 2277 1392 2316 judicibus
1413 2277 1511 2306 fucum
1533 2277 1656 2314 faciunt,

961 2319 1076 2349 diutius
1094 2322 1286 2350 immorantur
1308 2319 1452 2353 nonnulli,
1473 2330 1560 2358 quam
1581 2320 1657 2351 sini-

963 2367 1022 2392 inet
1038 2363 1113 2401 ipsis
1127 2364 1338 2392 defendendis.
1369 2361 1431 2404 (ι’.)
1449 2363 1531 2392 Hinc
1546 2373 1656 2393 caven·

962 2405 1031 2434 dum
1054 2405 1220 2446 judicibus,
1243 2416 1280 2435 ne
1306 2406 1530 2435 accusatoribus
1553 2415 1654 2436 aurem

963 2449 1113 2486 praebeant
1136 2449 1298 2478 faciliorem
1320 2458 1406 2487 quam
1429 2447 1500 2484 reis,
1523 2449 1653 2488 quando·

962 2491 1080 2529 quidem
1103 2492 1251 2530 ejusmodi
1273 2491 1302 2520 in
1319 2490 1445 2529 judiciis
1463 2491 1604 2529 iniquitas
1618 2501 1654 2521 ao

963 2535 1146 2571 perversitas
1154 2545 1210 2564 non
1221 2533 1552 2564 tantummisericordiae
1561 2533 1656 2570 laudi,

961 2586 1018 2615 qua
1033 2577 1141 2606 civitas
1163 2583 1265 2606 nostra
1283 2576 1381 2611 floret,
1405 2576 1456 2605 sed
1477 2576 1603 2612 justitiae
1623 2582 1654 2606 et

959 2620 1081 2657 proprio
1093 2620 1237 2658 imprimis
1247 2620 1402 2649 commodo
1413 2618 1538 2648 maxime
1546 2619 1652 2648 adver-

960 2668 1055 2691 satur:
1088 2661 1170 2702 (ια’.)
1185 2673 1249 2692 uam
1266 2663 1316 2691 isti
1341 2661 1523 2696 homunculi,
1543 2661 1652 2700 quibus

959 2705 1111 2744 negligere
1125 2716 1187 2741 sua,
1200 2705 1306 2734 alienis
1319 2703 1450 2734 insidiari
1464 2704 1653 2743 propositum

959 2753 1016 2783 est,
1033 2757 1048 2776 a
1064 2748 1220 2778 sceleratis
1234 2747 1388 2786 pecuniam
1403 2750 1596 2784 extorquent,
1616 2757 1652 2777 ne

958 2796 1100 2820 accusent
1122 2791 1201 2826 illos,
1223 2791 1251 2819 in
1274 2790 1392 2820 civibus
1412 2790 1651 2819 vero-modestis

959 2833 1150 2863 criminandis
1166 2838 1196 2862 et
1211 2834 1239 2862 in
1257 2832 1403 2870 judicium
1417 2831 1558 2861 vocandis
1571 2832 1652 2862 vires

959 2885 1029 2905 suas
1046 2876 1217 2908 ostendunt.
1235 2875 1330 2914 iisque
1347 2879 1489 2904 terrorem
1506 2875 1552 2903 sui
1568 2874 1652 2904 incu-

959 2918 1046 2947 tiunt.
1086 2918 1168 2959 (ιβ’.)
1189 2918 1361 2954 Quorum-e
1383 2926 1504 2946 numero
1519 2917 1576 2946 iste
1591 2917 1651 2956 lay-

959 2961 1109 2991 simachus
1130 2966 1188 2996 est,
1209 2960 1260 2998 qui
1282 2960 1338 2990 hoc
1356 2969 1451 2989 :neum
1474 2959 1651 2999 periculum.

959 3004 1038 3043 quod
1061 3002 1305 3034 innocentissimo
1329 3002 1399 3032 mihi
1423 3002 1550 3039 creavit,
1572 3002 1652 3042 opti·

1678 1002 1722 1033 H.
1732 1002 1837 1042 steph.

1678 1049 1755 1083 310

1874 1069 1895 1104 {l

1882 939 1897 972 ÷

1882 965 1897 1014 ’ζ

1886 1020 1893 1033 t
