1914 3314
238 197 319 238 332
790 194 1120 237 BERGMANI

239 315 314 351 hoc
334 311 572 362 praecipuum
598 317 657 349 est
684 318 947 362 argumentum
969 316 1011 347 ut
1031 308 1220 357 majorum
1249 308 1363 346 fortia
1395 307 1498 346 faeta
1530 307 1606 344 suis
1627 306 1675 344 ad

240 372 491 412 imitationem
513 379 720 421 proponat,
739 385 785 410 ac
814 372 863 410 de
883 385 960 423 quo
982 370 1116 408 merito
1138 369 1266 406 dicere
1291 374 1443 418 poterat
1469 382 1509 405 se
1536 367 1676 405 dixisse

240 446 366 473 cora-m
379 432 525 477 multis,
541 433 632 482 πρὸς
652 436 840 476 πολλούςι
871 432 1013 482 scripta
1030 429 1129 468 enim
1149 434 1232 466 erat
1249 428 1322 466 ista
1340 428 1465 466 oratio
1484 436 1526 466 ut
1545 429 1582 465 in
1605 441 1676 478 pu-

241 495 344 532 blico
363 494 589 531 Graecorum
607 502 812 539 conventu,
829 494 1045 543 πανηγύρει,
1062 491 1162 529 unde
1180 489 1294 526 etiam
1317 502 1453 527 nomen
1473 490 1604 535 habet,
1617 501 1676 526 re-

241 555 449 598 citaretur;
487 554 570 603 ejus
597 562 723 592 autem
751 558 906 604 scriptae
933 562 1083 602 tempus
1109 565 1156 588 ex
1182 550 1284 588 Mori
1310 550 1466 600 quidem
1491 550 1678 588 sententia

243 615 378 653 incidit
402 617 440 653 in
467 616 738 665 Olympiadem
761 616 928 652 XCVII.
949 615 1008 651 vel
1030 611 1218 651 XCVIII.
1239 611 1312 648 hoc
1340 618 1413 654 est,
1438 611 1538 648 intra
1555 624 1678 649 annos

244 681 292 716 A.
313 677 357 715 C.
377 680 455 714 388
475 683 514 714 et
533 681 624 714 380.
645 677 713 713 sed
738 677 853 714 etiam
875 683 963 726 post
988 682 1162 724 tempora
1186 672 1277 710 belli
1300 672 1448 709 socialis
1466 671 1680 709 Athenien·-

242 742 340 778 sium
368 746 504 778 contra
530 740 667 783 socios,
692 738 794 787 quod
822 737 895 776 fuit
920 737 1007 774 inde
1033 736 1083 773 ab
1109 747 1208 771 anno
1230 736 1454 771 358—356.
1472 739 1511 770 et
1526 733 1681 783 scriptae

245 802 442 841 Orationis
467 801 516 838 de
537 801 650 846 Pace,
668 803 747 849 περὶ
766 802 926 851 εἰρήνης,
946 812 1020 849 qua
1047 798 1097 834 de
1120 797 1192 834 hoc
1215 795 1316 833 bello
1342 795 1481 844 agitur,
1507 794 1622 845 idque
1640 797 1680 832 iu

240 863 375 914 primis
395 862 473 911 egit
498 862 687 898 Isocrates
708 868 748 898 ut
764 861 926 910 injustas
956 870 1169 909 paucorum
1187 856 1423 906 cupiditates
1451 856 1680 905 increparet,

244 923 480 962 temerariam
500 935 626 960 rerum
648 922 889 973 publicarum
910 919 1274 959 administrationem
1293 918 1538 967 vituperaret,
1557 917 1681 967 majo-

244 998 420 1035 rumque,
444 984 509 1034 qui
529 991 700 1033 tempore
721 983 909 1020 bellorum
931 983 1170 1019 Persicorum
1192 979 1377 1024 vixerant,
1391 979 1613 1028 aequitatem
1643 985 1680 1016 et

246 1046 423 1083 virtutem
442 1045 543 1082 solas
564 1044 805 1082 aemulatione
822 1043 957 1094 dignas
973 1055 1054 1080 esse
1072 1040 1308 1079 ostenderet.
1351 1039 1441 1077 Vid.
1460 1039 1513 1077 ibi
1530 1052 1569 1089 p.
1590 1044 1680 1078 166.

248 1107 299 1145 D.
319 1115 358 1145 et
377 1107 481 1144 alibi.
538 1106 692 1143 Deinde
709 1106 740 1142 si
759 1105 806 1142 ad
831 1105 987 1142 uberem
1007 1104 1124 1148 illam,
1145 1115 1256 1152 quam
1279 1101 1455 1145 diximus,
1476 1113 1600 1138 rerum
1619 1113 1683 1149 ge—

248 1176 391 1207 starum
407 1167 732 1205 enumerationem
749 1165 972 1211 attenderis,
993 1164 1094 1202 nulla
1114 1164 1186 1201 alia
1206 1171 1378 1213 tempora
1394 1161 1552 1210 intelligi
1567 1174 1682 1212 posse

248 1231 400 1279 opinor,
423 1242 535 1279 quarn
556 1242 642 1279 quae
662 1229 700 1265 in
721 1235 927 1265 extremam
947 1225 1126 1263 Oratoris
1151 1230 1384 1262 senectutem
1402 1221 1555 1259 cadant.
1584 1222 1683 1259 Nam

249 1292 351 1339 quod
365 1291 528 1328 Wolfius
542 1291 593 1327 ait
605 1289 747 1327 nullam
764 1289 874 1326 aliani
889 1302 928 1325 se
944 1300 1054 1325 nosse
1071 1286 1221 1324 urbium
1237 1285 1415 1322 Thraciae
1428 1283 1683 1328 amissionem,

251 1353 322 1390 nisi
342 1365 440 1398 eam,
457 1365 543 1390 cum
563 1351 738 1401 Olyntho
759 1356 989 1399 expugnata,
1011 1348 1125 1386 etiam
1155 1354 1302 1384 caeterae
1324 1347 1360 1385 in
1384 1345 1556 1395 Philippi
1580 1352 1689 1396 pote-

251 1421 386 1451 statem
407 1414 654 1451 ceciderunt:
687 1413 725 1449 id
746 1412 956 1449 rectissime
972 1409 1278 1446 animadversum
1294 1415 1404 1457 puto,
1431 1415 1471 1445 ut
1496 1408 1583 1445 loco
1612 1408 1690 1445 lau-

250 1475 357 1521 dato,
377 1475 431 1512 sic
451 1475 489 1511 in
507 1476 650 1511 Annos.
672 1475 718 1511 ad
739 1478 770 1521 ξ.
792 1473 833 1510 δ’.
856 1473 920 1509 ubi
941 1472 1018 1508 vid.
1037 1479 1077 1508 et
1097 1477 1229 1508 nostra
1248 1469 1542 1507 animadversio.
1571 1470 1686 1512 Quod

251 1550 339 1574 vero
355 1544 558 1587 propterea
577 1536 733 1572 miratur
753 1534 896 1571 nullam
912 1534 994 1571 fieri
1016 1532 1185 1582 Philippi
1202 1531 1448 1578 mentionem,
1460 1545 1543 1570 eam
1561 1532 1689 1569 abillo

250 1610 326 1635 non
358 1597 659 1634 animadversam
692 1609 821 1633 revera
847 1595 929 1632 fieri
956 1607 1170 1638 censemus,
1192 1594 1222 1630 si
1250 1593 1364 1631 modo
1387 1592 1526 1630 eodem
1545 1592 1643 1643 Cap.
1667 1594 1688 1630 ὁ

247 1657 446 1708 βάρβαρος
473 1670 547 1695 non
568 1657 615 1694 de
638 1657 743 1707 Rege
772 1657 989 1702 Persarum,
1009 1655 1076 1693 sed
1106 1655 1154 1692 de
1180 1654 1360 1704 Philippo
1379 1653 1626 1704 intelligatur,
1648 1661 1690 1691 ut

250 1719 411 1769 intelligi
423 1719 564 1756 debere
582 1718 908 1755 verosimillimum
921 1724 994 1755 est.
1049 1717 1300 1766 Quapropter
1318 1715 1470 1753 minime
1486 1728 1691 1765 possumus

248 1780 430 1831 probare,
444 1780 549 1830 quod
563 1780 686 1824 addit,
703 1781 911 1818 Isocratem
929 1786 1050 1816 vatem
1072 1778 1201 1828 potius
1221 1789 1334 1828 quant
1348 1783 1540 1814 oratorem
1554 1776 1689 1826 egisse,

250 1849 294 1880 ut
308 1855 395 1880 mox
403 1849 574 1883 secutam
584 1843 773 1880 sociorum
789 1841 1049 1879 defectionem
1061 1840 1131 1878 sibi
1140 1839 1340 1890 praevisam
1351 1837 1586 1888 praedixerit.
1605 1839 1690 1876 Nec

250 1903 351 1940 enim
372 1916 428 1949 ea,
442 1916 529 1954 quae
543 1907 576 1951 ᾖ.
593 1903 636 1940 δ’.
654 1903 844 1952 leguntur,
862 1903 915 1939 ita
929 1902 1160 1946 referuntur,
1181 1907 1221 1938 ut
1236 1913 1282 1937 ea
1305 1907 1368 1937 aut
1389 1899 1471 1936 fieri
1493 1912 1606 1948 posse
1624 1906 1692 1937 aut

251 1965 381 2003 sutura
399 1978 484 2002 esse
505 1963 756 2015 significetur,
774 1964 839 2001 sed
855 1977 900 2001 ea
915 1964 1060 2001 ratione
1075 1969 1117 2000 ut
1130 1961 1330 2000 manifesto
1345 1968 1529 2011 appareat
1541 1960 1692 2008 resjam

251 2034 340 2064 ante
366 2026 522 2077 aliquod
553 2034 704 2077 tempus
728 2033 834 2075 gesta
855 2025 1001 2072 referri,
1021 2025 1074 2062 ob
1094 2037 1189 2075 quas
1208 2024 1320 2061 etiam
1346 2023 1424 2060 laeti
1445 2022 1577 2060 nuncii
1597 2023 1696 2060 festa

252 2089 448 2126 celebrata
459 2088 614 2126 suerint.
645 2088 722 2125 Sed
738 2095 780 2125 ut
796 2087 844 2125 ad
863 2087 1041 2125 Thraciae
1061 2087 1238 2124 civitates
1256 2086 1471 2132 redeamus,
1486 2086 1696 2136 Olynthus,

251 2158 295 2188 ut
313 2156 447 2200 postea
470 2150 704 2196 videbimus,
728 2155 947 2199 expugnata
975 2155 1032 2185 est
1059 2161 1158 2185 anno
1180 2149 1230 2184 A.
1251 2147 1297 2184 C.
1317 2151 1409 2185 348.
1427 2160 1503 2197 quo
1520 2154 1694 2198 tempore

254 2212 446 2250 Isocrates
466 2225 606 2249 annum
634 2211 775 2262 agebat
801 2211 1080 2260 octogesimum
1106 2217 1299 2248 octavum.
1355 2209 1481 2246 Natus
1507 2209 1606 2247 enim
1637 2217 1696 2247 est

254 2273 409 2318 Orator,
437 2273 658 2311 auctoribus
685 2271 1069 2310 Pseudo-Plutarcho
1089 2284 1128 2321 p.
1149 2274 1240 2308 136.
1268 2271 1312 2307 Β.
1338 2278 1378 2307 et
1401 2270 1587 2321 Dionysio
1607 2271 1695 2309 Hal.

255 2335 292 2370 in
313 2334 401 2371 Vita
417 2334 534 2372 Isocr.
556 2347 595 2384 p.
614 2338 678 2372 94.
701 2334 733 2372 I.
752 2333 912 2384 Olymp.
926 2332 1153 2371 LXXXVI.
1171 2333 1306 2382 quinto
1324 2345 1425 2369 anno
1444 2338 1532 2370 ante
1553 2332 1696 2370 bellum

257 2394 589 2444 Peloponnesium,
612 2396 648 2433 h.
670 2410 704 2433 e.
725 2408 825 2433 anno
846 2397 894 2433 A.
922 2395 968 2432 C.
988 2398 1079 2431 436.
1099 2394 1129 2430 si
1153 2393 1242 2431 belli
1267 2393 1376 2430 istius
1402 2393 1547 2432 initium
1574 2407 1696 2444 ponas
1730 2396 1734 2401 '

256 2457 294 2493 in
321 2468 458 2493 annum
485 2461 575 2494 431.
635 2457 787 2495 Interea
807 2456 889 2505 jam
910 2468 978 2506 per
1003 2454 1149 2506 aliquot
1174 2467 1294 2491 annos
1320 2462 1455 2493 contra
1475 2455 1696 2494 Phocenses

260 2517 401 2555 bellum
424 2530 572 2555 sacrum
588 2519 792 2568 gerebatur
809 2531 831 2555 a
846 2517 1038 2557 Thebanis
1054 2529 1263 2568 eorumque
1274 2516 1392 2553 sociis
1409 2516 1573 2566 primum
1588 2515 1693 2561 solis,

259 2578 400 2616 deinde
415 2578 511 2616 duce
532 2586 570 2616 et
588 2580 766 2629 adjutore
783 2579 978 2629 Philippo,
993 2578 1057 2629 qui
1078 2578 1199 2615 altero
1213 2584 1347 2627 postea
1359 2589 1460 2614 anuo
1471 2581 1562 2616 346.
1580 2576 1695 2615 finem

258 2640 293 2676 ei
322 2640 517 2690 imposuit,
546 2653 634 2677 cum
668 2641 772 2690 gravi
807 2639 1076 2690 sacrilegorum
1114 2639 1271 2676 damno.
1327 2638 1502 2681 Quorum
1540 2637 1694 2688 impiam

257 2714 412 2739 causam
431 2715 517 2740 cum
541 2702 793 2740 Athenienses
808 2703 920 2740 tutati
933 2708 1070 2745 essent,
1095 2700 1185 2738 hinc
1199 2700 1333 2739 odium
1352 2700 1580 2737 Graecorum
1602 2700 1695 2738 invi—

259 2764 436 2814 diamque
456 2763 527 2800 sibi
548 2770 830 2808 contraxerant,
858 2776 947 2802 eum
969 2762 1149 2813 Philippo
1169 2770 1299 2799 autem
1321 2767 1360 2798 et
1386 2761 1458 2798 hac
1484 2768 1522 2798 et
1546 2760 1629 2799 aliis
1648 2762 1696 2800 de

259 2825 384 2863 causis
409 2825 643 2862 inimicitiam
667 2825 892 2870 habuerant,
913 2824 1134 2874 bellumque
1159 2823 1342 2863 adversus
1367 2835 1454 2860 eum
1473 2829 1692 2871 gesserant:

259 2900 336 2938 quo
355 2887 545 2937 pertinere
558 2886 738 2923 videntur
755 2899 839 2923 cum
858 2899 946 2935 quae
967 2890 998 2933 §-
1017 2887 1066 2934 γ’.
1088 2887 1265 2934 leguntur
1278 2884 1328 2922 de
1343 2883 1434 2922 odio
1448 2884 1692 2930 Graecorum.

260 2955 338 2986 tum
361 2949 474 2986 verba
494 2962 514 2986 e
529 2952 559 2996 ξ.
581 2947 622 2985 δ’.
641 2949 733 2998 πρὸς
748 2947 782 2985 δὲ
805 2947 887 2991 τοὺς
899 2949 1095 2994 ”Ελληνας
1113 2946 1416 2998 διαβεβλημένοι,
1445 2950 1503 2985 καὶ
1530 2951 1578 2999 τῷ
1597 2947 1692 2999 βαρ·

258 3009 363 3061 βάρῳ
383 3012 774 3060 πολέμιοιγεγονότες,
799 3016 838 3046 ut
859 3022 927 3046 suo
944 3009 1030 3047 loco
1050 3009 1272 3047 videbimus.
1323 3008 1411 3046 Non
1425 3016 1553 3049 autem
1572 3022 1692 3060 usque
