1924 3314
275 196 329 237 28
803 194 859 235 H.
892 192 1190 234 STEPHANI

271 312 373 359 φίαν,
393 320 480 344 cum
500 307 606 352 alibi,
629 311 710 343 tum
730 318 818 343 vero
839 306 876 343 in
897 305 940 342 iis
960 318 1048 355 quae
1074 304 1122 341 de
1145 304 1281 354 priscis
1305 305 1527 344 oratoribus
1552 305 1601 343 ad
1623 306 1715 342 Am-

278 380 413 405 maeum
430 366 596 416 scripsit.
628 366 711 403 Nec
732 366 870 403 dubito
890 366 981 413 quin
1004 371 1042 402 et
1061 365 1252 401 Isocrates
1273 364 1467 416 plerisque
1480 365 1574 403 locis
1587 365 1635 403 de
1651 378 1719 403 sua

276 428 520 478 philosophia
534 427 710 476 loquens,
728 427 827 463 hanc
845 425 1047 474 intelligat.
1069 425 1134 462 Sic
1151 425 1187 461 in
1201 425 1499 473 Panathenaico,
1515 432 1719 476 postquam

276 489 375 526 dixit
395 492 427 535 ξ.
448 488 485 526 ε’.
506 488 566 524 ἐπὶ
584 488 624 525 τὸ
646 491 874 538 φιλοσοφεῖν,
896 488 954 523 καὶ
974 491 1114 531 πονεῖν,
1145 487 1203 522 καὶ
1223 486 1380 538 γράφειν
1410 488 1437 524 ἅ
1468 487 1719 532 διανοηὲειήν,

274 553 494 600 κατέφυγον.
511 547 621 585 addit
638 561 646 585 :
679 551 719 584 οὒ
739 550 818 598 περὶ
833 553 970 598 μικρῶν
985 549 1051 591 τὴν
1065 550 1276 596 προαίρεσιν
1291 548 1518 598 αἱρούμενος,
1540 548 1620 585 οὐδὲ
1640 549 1722 598 περὶ

277 616 350 646 τῶν
370 610 469 646 ἷέἰων
489 607 746 659 συμβολαίων,
767 608 847 645 οὐδὲ
874 610 954 658 περὶ
977 605 1028 644 οἷν
1057 609 1167 645 ἄλλοι
1187 607 1492 659 τινὲςληροῦσιν,
1511 610 1614 645 ἀλλὰ
1643 610 1724 658 περὶ

275 676 347 707 τῶν
365 670 596 714 Ἑλληνικῶν
615 670 673 704 καὶ
693 667 905 714 βασιλικῶν
919 668 977 705 καὶ
997 671 1196 715 πολιτικῶν
1214 670 1458 720 πραγμάτων.
1506 669 1602 706 Eam
1617 674 1723 706 certe

275 728 489 765 doctrinam
519 741 752 777 quocunque
773 729 926 766 nomine
946 729 1131 779 appellet,
1152 730 1199 767 ad
1229 743 1312 768 eam
1343 729 1573 780 pertinentia
1596 728 1725 766 omnia

273 789 428 827 tractari
444 790 492 825 ab
514 803 560 827 eo
579 795 747 836 constat,
763 791 793 827 si
811 791 899 840 quis
920 789 1130 839 diligenter
1150 804 1237 841 quae
1256 791 1306 828 ab
1325 804 1372 828 eo
1392 790 1576 828 dicuntur
1591 789 1725 826 obser-

274 856 351 886 vet.
406 850 745 892 Quemadmodum
773 857 901 888 autem
929 851 1158 888 Aristoteles
1184 851 1356 901 politicae
1377 851 1466 889 vitae
1501 850 1617 888 finem
1650 856 1725 887 sta-

277 910 349 947 tuit
366 910 563 956 honorem,
581 911 636 948 sic
649 911 754 960 apud
773 911 875 947 hunc
891 916 1063 947 nostrum
1080 911 1308 960 scriptorem
1324 911 1483 961 legimus
1497 912 1536 947 in
1549 910 1723 947 oratione

268 971 566 1020 Areopagitica,
593 972 642 1008 (le
676 971 720 1007 iis
749 971 815 1020 qui
844 971 1071 1020 reipublicae
1098 984 1227 1009 curam
1258 972 1467 1021 gessissent
1485 970 1600 1020 (dicit
1622 970 1726 1008 enim

276 1032 525 1081 ἐπιμελεῖσθαι
551 1038 625 1069 τῶν
655 1034 814 1078 κοινῶν),
838 1030 868 1067 si
901 1044 939 1068 se
972 1031 1009 1068 in
1041 1044 1088 1068 eo
1120 1044 1275 1068 munere
1294 1032 1423 1080 justos
1450 1030 1732 1080 praebuissent„

277 1092 426 1129 laudari
458 1092 606 1137 solitos,
634 1104 779 1141 eosque
810 1092 884 1128 hoc
912 1091 1029 1129 fuisse
1060 1092 1206 1129 honore
1237 1097 1456 1130 contentos.
1515 1092 1726 1137 Caeterum,

282 1165 398 1202 quum
421 1153 456 1189 in
479 1152 716 1190 democratia
735 1152 870 1189 viverit
890 1153 1096 1202 Isocrates,
1114 1158 1153 1190 et
1175 1153 1256 1190 haec
1278 1151 1436 1203 politeia
1455 1151 1510 1188 illi
1530 1164 1611 1201 prae
1633 1165 1727 1202 qua-

278 1214 334 1249 vis
353 1213 425 1250 alia
446 1213 630 1263 placeret,
649 1226 725 1250 non
753 1213 890 1249 mirum
913 1213 943 1250 si
966 1227 1071 1251 suam
1095 1213 1291 1263 politicam
1312 1213 1512 1251 scientiam
1535 1213 1613 1250 sive
1633 1212 1730 1262 poli-

280 1274 392 1310 ticam
418 1274 704 1324 philosophiam
727 1277 788 1324 (ut
808 1275 923 1311 etiam
944 1274 1131 1311 nominari
1153 1274 1299 1312 dictum
1322 1274 1438 1323 paulo
1457 1279 1546 1310 ante
1567 1273 1657 1319 fuit)
1677 1273 1727 1311 ad

265 1347 363 1371 ‘eam
391 1335 629 1382 potissimum
651 1334 872 1372 contulerit.
903 1336 1034 1384 Atque
1054 1335 1138 1372 aliis
1158 1341 1262 1372 certe
1283 1333 1575 1384 quamplurimis
1594 1333 1727 1370 itidem

281 1395 470 1443 placuisse
499 1395 632 1431 mirum
661 1395 699 1431 in
726 1395 882 1432 modum
910 1395 1182 1433 democratiam
1205 1409 1286 1445 prae
1306 1395 1513 1445 oligarchia
1533 1400 1572 1432 et
1592 1395 1728 1431 aristo-

281 1455 401 1491 cratia
429 1456 518 1503 (nisi
551 1455 652 1492 forte
681 1455 887 1492 dicendum
916 1457 1046 1506 potius
1072 1462 1132 1493 est
1165 1469 1247 1493 eam
1281 1457 1402 1494 solam
1432 1456 1642 1505 placuisse)
1672 1455 1729 1492 vel

281 1515 370 1552 hinc
391 1516 619 1565 colligimus,
641 1517 744 1565 quod
769 1516 885 1565 prisci
901 1523 1072 1554 oratores
1089 1517 1287 1566 politeiam
1309 1517 1357 1554 de
1378 1516 1630 1560 democratia,
1646 1522 1729 1553 tan-

281 1589 395 1625 quam
416 1580 490 1613 κατ’
511 1577 654 1626 ἐξοχὴν,
677 1577 866 1615 dixerint:
897 1585 936 1616 et
959 1578 1041 1628 ipse
1060 1579 1253 1615 Isocrates
1278 1591 1412 1615 eorum
1437 1578 1486 1615 sit
1508 1591 1528 1615 e
1554 1591 1728 1623 numero,

280 1638 348 1686 qui
370 1638 558 1675 vocabulo
578 1638 643 1675 illo
664 1638 716 1675 ita
736 1639 795 1675 usi
818 1646 919 1676 sunt.
963 1639 1121 1688 Alioqui
1142 1642 1337 1677 πολιτείαν
1356 1646 1394 1677 et
1415 1652 1485 1689 pro
1504 1642 1727 1690 πολίτευμα,

280 1700 319 1736 id
352 1706 423 1744 est,
451 1713 522 1749 pro
546 1706 652 1736 certa
671 1700 985 1737 administrandae
1016 1701 1179 1749 reipubl.
1201 1700 1338 1747 forma,
1357 1701 1406 1737 ab
1435 1714 1482 1738 eo
1508 1701 1625 1738 etiam
1651 1701 1728 1739 dici

281 1760 467 1798 videmus.
499 1760 563 1796 Sic
578 1760 614 1795 in
632 1761 824 1810 Areopag.
838 1765 869 1808 ξ.
883 1762 925 1799 ε’.
951 1761 1072 1798 Nihil
1088 1761 1202 1799 aliud
1218 1766 1274 1799 est
1286 1763 1416 1799 anima
1433 1763 1607 1801 civitatis
1617 1775 1730 1812 quam

279 1822 365 1870 ipsa
380 1820 568 1871 politeia:
598 1833 685 1870 quae
710 1827 858 1859 tantam
881 1823 956 1859 vim
977 1822 1090 1859 habet
1111 1828 1294 1872 quantam
1314 1824 1357 1860 in
1377 1835 1537 1873 corpore
1553 1823 1728 1873 pruden-

281 1882 353 1918 tia.
383 1883 443 1918 Ac
462 1881 585 1930 possit
603 1888 708 1918 certe
731 1881 794 1919 hic
816 1882 991 1928 διοίκησις
1007 1883 1171 1932 exponi:
1205 1883 1305 1921 sicut
1327 1884 1498 1932 proxime
1518 1884 1728 1934 praecedit:

279 1944 384 1979 ἀλλά
405 1948 481 1984 τοῖς
506 1944 637 1993 ἄριστα
664 1945 721 1979 καὶ
748 1947 1036 1995 σωφρονέστατα
1055 1946 1121 1988 τὴν
1141 1946 1263 1982 αὑτῶν
1283 1944 1490 1983 διοικοῦσιν.
1547 1945 1671 1982 Immo
1690 1952 1730 1983 et

279 2003 456 2049 διοίκησιν
488 2004 603 2052 paulo
637 2011 723 2041 ante
757 2004 932 2042 dixerat:
967 2005 1069 2042 sicut
1100 2011 1140 2042 et
1170 2005 1207 2041 in
1240 2005 1403 2043 Panath.
1429 2009 1460 2052 ξ.
1491 2005 1534 2044 ν’.
1555 2005 1728 2055 legimus.

280 2065 410 2107 Quum
438 2071 564 2102 autem
600 2072 675 2102 tres
708 2066 783 2102 siut
817 2065 1020 2110 διοικήσεως
1051 2064 1199 2116 formae,
1219 2066 1259 2103 id
1287 2073 1358 2111 est,
1381 2066 1728 2105 administrationis

281 2125 522 2176 reipublicae,
544 2126 622 2163 sive
645 2126 838 2176 regiminis
869 2126 1035 2176 reipubl.
1057 2133 1134 2164 tres
1161 2126 1310 2173 formae,
1329 2140 1578 2177 unaquaeque
1597 2140 1729 2165 earum

281 2193 440 2223 vocatur
459 2187 648 2224 interdum
670 2187 896 2229 κατάστασις
916 2191 972 2235 (ut
995 2188 1025 2224 si
1046 2188 1132 2238 quis
1155 2188 1289 2225 Latine
1310 2188 1413 2226 hunc
1429 2190 1489 2226 vel
1508 2189 1614 2226 illum
1633 2190 1729 2240 reip.

282 2254 423 2285 statum
446 2261 529 2285 esse
547 2249 670 2298 dicat)
686 2249 735 2285 ab
757 2249 831 2286 hoc
853 2248 966 2286 etiam
989 2250 1201 2299 scriptore:
1233 2257 1432 2299 exstatque
1451 2250 1670 2300 exemplum
1691 2250 1728 2287 in

282 2310 477 2359 Areopag.
501 2314 532 2356 ξ.
554 2309 615 2346 κδ’.
674 2310 751 2347 Sed
773 2323 858 2347 cum
882 2314 1110 2353 κατάστασις
1136 2311 1427 2348 subaudiendus
1446 2311 1638 2360 genitivus
1659 2327 1729 2349 πο-

281 2371 434 2415 λιτείας,
450 2376 515 2406 aut
529 2372 683 2412 πόλεως.
716 2372 844 2420 Atque
865 2370 916 2408 ita
938 2370 1014 2408 dici
1035 2377 1179 2419 queant
1199 2384 1282 2408 esse
1305 2378 1382 2408 tres
1401 2371 1649 2415 καταστάσεις
1661 2387 1728 2409 πο-

281 2431 448 2472 λιτειάςῑ
481 2430 578 2467 sicut
600 2438 675 2468 tres
696 2430 787 2468 ῖὲέαι
808 2434 996 2474 πολιτείας
1020 2432 1070 2469 ab
1090 2432 1177 2482 ipso
1196 2432 1312 2470 etiam
1333 2432 1506 2470 Isocrate
1529 2432 1728 2470 nominan-

283 2497 345 2527 tur
363 2491 532 2537 (dicente
559 2491 702 2541 alioqui
736 2499 773 2529 et
803 2496 991 2530 πολετεῖαι
1024 2506 1095 2543 pro
1129 2493 1204 2530 hoc
1235 2493 1348 2543 ipso),
1370 2493 1585 2543 eodemque
1610 2493 1728 2531 modo

282 2557 358 2588 tres
373 2550 578 2595 διοικήσεως
595 2552 697 2595 ἰδέας
717 2553 910 2603 appellare
931 2566 1006 2591 non
1027 2553 1166 2591 dubito
1187 2553 1280 2604 quin
1301 2554 1412 2592 nobis
1428 2554 1562 2592 liceat:
1594 2562 1727 2604 quem-

281 2613 492 2650 admodum
512 2614 629 2662 paulo
649 2621 736 2652 ante
762 2614 839 2651 dixi
861 2622 935 2652 tres
957 2615 1165 2660 διοικήσεως
1192 2615 1339 2654 formae.
1396 2616 1482 2654 Nec
1502 2629 1592 2654 vero
1613 2616 1726 2654 dubi-

282 2674 440 2711 tandum
458 2681 517 2711 est
537 2675 628 2724 quin
651 2681 687 2712 et
710 2676 865 2726 reliquae
886 2678 1074 2720 πολιτείας
1096 2677 1201 2722 ἰδέαι,
1227 2684 1267 2714 ut
1291 2678 1341 2715 ab
1363 2678 1449 2727 ipso
1470 2689 1622 2728 quoque
1644 2677 1727 2714 Iso-

280 2741 386 2773 crate
407 2737 533 2773 vocari
562 2737 681 2774 modo
709 2738 804 2783 dixi,
835 2738 886 2774 illi
918 2739 1062 2788 optime
1092 2747 1194 2776 notae
1226 2739 1392 2777 fuerint:
1424 2739 1588 2789 ideoque
1604 2745 1725 2776 .tanto

282 2796 451 2845 potuerit
469 2797 516 2834 de
534 2810 601 2834 sua
616 2797 676 2834 illa
693 2798 927 2835 democratia
945 2801 1172 2849 prudentius
1188 2800 1308 2852 loqui.
1338 2801 1416 2838 Sed
1434 2801 1509 2838 hoc
1525 2800 1726 2838 sciendum

281 2862 353 2902 est,
374 2856 494 2902 illum,
517 2857 551 2894 iu
586 2858 866 2897 Panatlienaica
896 2861 1083 2906 oratione,
1106 2875 1179 2899 non
1207 2876 1292 2901 cum
1319 2863 1404 2900 aliis
1427 2869 1502 2900 tres
1529 2862 1597 2900 lias
1620 2862 1724 2899 ideas

282 2917 529 2963 constituere,
552 2919 812 2968 oligarchiam,
841 2920 1128 2969 democratiam,
1149 2932 1189 2961 ct
1218 2923 1522 2962 aristocratiam:
1553 2923 1618 2961 sed
1655 2923 1725 2961 oli·
