1924 3314
287 221 335 259 18
806 220 860 260 H.
893 218 1187 259 STEPHANI

282 331 356 368 hoc
382 337 678 368 consentaneum
705 338 775 376 est,
796 340 837 370 nt
857 339 1059 381 postquam
1081 329 1296 379 expositum
1320 337 1380 367 est
1399 343 1485 379 quae
1506 329 1582 366 sint
1617 327 1716 377 regis

281 396 422 439 partes,
444 397 657 440 exponatur
675 393 785 428 etiam
809 405 894 440 quae
915 393 988 428 sint
1004 402 1133 427 eorum
1157 402 1255 438 quos
1276 402 1342 426 sua
1364 390 1399 426 in
1422 389 1566 426 ditione
1584 388 1716 424 habet.

284 451 420 487 Fateor
448 451 589 500 alioqui
619 451 794 489 dubitare
823 465 881 488 me
908 464 955 487 an
984 451 1097 499 hujus
1124 449 1243 486 libelli
1274 455 1410 486 auctor
1437 451 1636 487 locuturus
1661 448 1715 485 ita

282 510 417 547 fuerit:
448 513 529 560 περὶ
560 517 634 553 τοῦ,
666 515 749 549 τίνα
777 511 830 548 δεῖ
849 516 968 548 ποιεῖν
988 511 1072 551 τοὺς
1099 511 1342 559 ἀρχομένους.
1372 515 1410 546 et
1435 522 1560 545 31111011
1588 508 1716 557 potius

280 569 478 607 dicturus:
508 574 587 621 περὶ
607 578 677 608 τῶν
696 573 870 616 ποιητέων
898 575 974 612 τοῖς
1001 571 1236 619 ἀρχομένοις.
1266 575 1332 605 aut
1363 567 1502 605 etiam:
1531 570 1614 616 περὶ
1645 573 1716 604 τῶν

282 631 510 674 καθηκόντων
535 636 612 672 τοῖς
636 632 870 681 ἀρχομένοις.
928 630 1122 677 Interpres
1150 642 1171 664 a
1198 628 1355 665 Stobaeo
1383 628 1591 664 orationem
1618 627 1717 663 hanc

279 689 446 737 Κύπριον
464 692 581 737 λόγον
599 691 783 739 appellari
798 690 911 726 etiam
939 688 1097 730 scribit;
1129 695 1246 737 atque
1263 688 1386 732 addit,
1407 688 1540 723 mirum
1563 700 1636 723 non
1665 687 1720 723 fu-

281 755 405 784 turum
426 750 587 786 eandem
606 757 644 786 et
661 750 892 800 Σαλαμίνιον
912 748 1091 786 inscribi:
1125 748 1190 785 sed
1214 748 1252 784 hi
1274 747 1374 784 tituli
1394 747 1535 784 dantur
1553 746 1718 782 orationi

281 821 394 858 quem
414 811 604 859 Εὐαγόρου
629 811 806 862 ἐγκώμιον
827 817 999 851 vocatur,
1023 815 1063 846 ut
1089 809 1142 845 ibi
1167 808 1332 845 docebo.
1390 809 1575 857 Sequitur
1595 807 1719 844 oratio

280 881 367 917 quae
394 869 741 908 PANEGYRICA
770 870 953 919 inscripta
982 876 1040 906 est
1060 871 1193 917 (quum
1220 874 1309 904 ante
1341 867 1443 904 illam
1471 868 1519 905 de
1546 880 1620 916 qua
1639 867 1720 903 dixi

280 929 494 966 orationum
526 931 705 968 Isocratis
734 932 771 968 in
809 937 932 967 certas
966 929 1108 966 classes
1142 928 1454 965 distributionem
1492 934 1720 977 sequeretur

280 988 465 1038 Evagorae
492 991 734 1037 encomium),
753 1003 834 1026 eam
855 990 930 1026 alio
950 989 1102 1025 nomine
1123 1001 1237 1036 quam
1257 988 1510 1038 πανηγυρικὸν
1523 988 1721 1035 (subaudi-

279 1048 380 1084 endo
405 1051 538 1097 λόγον)
558 1063 603 1086 ne
623 1051 672 1087 ab
688 1049 994 1100 Harpocratione
1011 1047 1164 1097 quidem
1184 1047 1417 1084 nominatam
1439 1047 1602 1086 invenio.
1661 1048 1720 1084 113

279 1108 377 1144 enim
408 1110 563 1158 passim,
590 1111 801 1159 Ἰσοκράτης
826 1112 1074 1159 πανηγυρικῷ.
1146 1108 1221 1145 AD
1243 1107 1546 1145 PHILIPPUM
1576 1108 1720 1157 scripta

282 1168 418 1214 oratio,
447 1183 521 1207 non
544 1171 666 1207 solum
693 1173 782 1220 πρὸς
812 1171 995 1208 Φίλιππον
1014 1170 1143 1217 λόγος,
1169 1168 1235 1205 sed
1257 1168 1370 1205 etiam
1393 1168 1612 1210 Φιλιππικός
1639 1169 1720 1206 sine

282 1229 512 1278 adjectione,
525 1232 639 1280 hujus
660 1231 901 1277 substantivi,
922 1243 1026 1279 saepe
1047 1229 1289 1266 nominatur:
1309 1236 1364 1276 et,
1381 1229 1537 1278 quidem
1555 1229 1605 1265 311
1621 1229 1720 1265 Η31-

282 1290 519 1337 μοι-13110119,
539 1292 729 1329 scribente
751 1291 889 1341 passim
907 1304 916 1328 :
938 1290 1145 1340 Ἰσοκράτης
1165 1288 1379 1340 Φιλιππικῷ.
1410 1288 1565 1326 Alicubi
1579 1295 1722 1331 tamen,

281 1357 319 1386 et
337 1349 504 1401 Φιλίππῳ
525 1352 711 1400 scriptum
732 1352 940 1388 invenitur:
968 1358 1007 1387 111
1033 1351 1069 1387 111
1097 1348 1318 1400 α’ναιρεὲεὶς,
1339 1356 1428 1399 post
1456 1362 1570 1398 quam
1601 1362 1719 1399 expo-

281 1411 354 1447 suit
375 1411 602 1461 ἀναληφὲεὶς
621 1415 680 1448 καὶ
697 1414 868 1463 στραφεὶς
881 1415 1024 1458 (verum
1046 1410 1199 1447 minime
1212 1409 1371 1446 dubium
1389 1416 1446 1446 est
1460 1409 1553 1458 quin
1568 1416 1720 1446 mutan-

281 1469 371 1506 dum
405 1473 453 1508 sit
483 1472 519 1509 in
549 1473 726 1525 τραφεὶς),
754 1473 978 1521 subjungit:
1013 1474 1098 1521 παρ’
1114 1471 1311 1521 Ἰσοκράτει
1337 1470 1521 1521 Φιλίππῳ.
1583 1470 1719 1507 Exstat

279 1537 403 1568 autem
426 1532 499 1569 hoc
520 1533 762 1583 participium
784 1537 815 1579 ξ.
835 1532 900 1576 κζ’.
943 1534 1073 1580 Atque
1100 1536 1142 1568 ut
1167 1530 1222 1567 ibi
1250 1530 1406 1578 legimus
1424 1529 1595 1581 Φιλίππῳ
1614 1530 1717 1579 apud

280 1591 640 1640 Harpocrationem,
661 1594 714 1631 sic
735 1600 771 1631 et
793 1594 829 1630 111
851 1592 1087 1643 α’παριὲμῶν.
1150 1589 1360 1639 Dionysius
1387 1590 1718 1633 Halicarnasseus,

279 1652 327 1689 de
363 1654 434 1691 hac
463 1654 544 1703 ipsa
572 1655 743 1691 oratione
774 1654 936 1702 loquens
963 1651 1049 1700 (nisi
1077 1657 1117 1687 et
1143 1649 1305 1698 epistola
1325 1650 1454 1685 vocari
1482 1655 1623 1698 potest,
1652 1655 1719 1685 aut

277 1713 390 1749 etiarn
413 1714 551 1757 debet:
583 1728 629 1751 eo
650 1721 773 1751 tamen
794 1720 959 1762 excepto
979 1711 1083 1762 quod
1105 1710 1278 1760 epistolae
1309 1712 1440 1760 μέτρον
1459 1710 1647 1748 excedere
1667 1710 1720 1747 vi-

276 1773 357 1810 deri
379 1777 522 1822 queat),
551 1775 670 1811 dicit:
699 1777 723 1810 ἃ
743 1774 835 1823 πρὸς
855 1774 1042 1811 Φίλιππον
1067 1775 1163 1822 αὐτῷ
1192 1771 1256 1809 τὸν
1275 1771 1478 1810 Μακεδόνα
1495 1775 1717 1823 γέγραπται.

277 1832 609 1874 Quemadmodum
630 1842 757 1871 autem
778 1835 876 1870 hanc
896 1833 1108 1870 orationem
1123 1831 1252 1869 vocari
1273 1830 1385 1869 etiam
1408 1833 1471 1870 τὸν
1497 1833 1718 1871 Φιλιππικὸν

275 1895 392 1940 λόγον
418 1894 512 1937 dixi,
540 1895 588 1931 ita
618 1900 656 1931 et
678 1893 872 1930 orationes
894 1892 1165 1930 Demosthenis
1192 1891 1405 1930 Φιλιππικοὶ
1431 1894 1540 1941 λόγοι
1567 1899 1716 1931 vocatae

275 1954 455 1990 fuerunt:
485 1954 551 1990 sed
575 1954 633 1991 hae
656 1957 748 1991 κατὰ
766 1953 949 1991 Φιλίππου
975 1953 1151 1991 dicendae
1179 1959 1264 1990 sunt
1284 1953 1512 2003 (Dionysius
1532 1960 1658 1991 autem
1678 1960 1718 1991 et

212 2056 214 2061 Ι
274 2016 341 2055 τὰς
359 2017 448 2051 κατὰ
473 2013 659 2051 Φιλίππου
685 2014 905 2064 δημηγορίας
924 2013 1126 2063 appellat),
1149 2026 1267 2062 quum
1280 2014 1354 2051 ista
1379 2014 1560 2051 Isocratis
1581 2014 1722 2052 inscri-'

275 2074 388 2110 batur
418 2074 507 2123 πρὸς
537 2074 735 2115 Φίλιππον.
791 2076 850 2112 Ac
883 2075 1017 2112 merito
1043 2075 1209 2126 quidem,
1237 2088 1352 2124 quum
1385 2073 1434 2112 sit
1460 2075 1661 2112 consilium
1680 2077 1717 2113 ei

273 2132 398 2171 dantis
414 2147 422 2171 z
444 2135 607 2185 ideoque
622 2142 724 2173 recte
745 2136 843 2173 inter
855 2135 939 2178 τούς
956 2135 1288 2186 συμβουλευτικοὺς
1302 2138 1440 2184 λόγους
1457 2136 1517 2173 bic
1535 2143 1714 2186 ponatur.

272 2194 370 2231 Nam
391 2195 550 2244 ipsemet
568 2197 758 2233 Isocrates
787 2211 826 2234 se
855 2196 1119 2247 συμβουλεύειν
1145 2199 1254 2243 dicit,
1286 2199 1422 2248 paucis
1449 2204 1715 2247 argumentum

272 2256 384 2304 hujus
415 2257 595 2294 orationis
622 2258 672 2294 ita
700 2259 963 2308 complectens
983 2264 1013 2306 ξ.
1047 2261 1091 2297 ς’.
1111 2264 1240 2311 μέλλω
1264 2262 1339 2310 γάρ
1360 2262 1417 2297 σοὶ
1437 2258 1714 2309 συμβουλεύειν,

271 2326 472 2364 προστῆναι
492 2324 556 2362 τῆς
575 2334 611 2354 τε
633 2325 702 2355 τῶν
715 2319 909 2362 Ἐλλήνων
939 2321 1117 2370 ὁμονοίας
1141 2320 1200 2356 καὶ
1229 2327 1294 2364 τῆς
1313 2320 1376 2356 ἐπὶ
1393 2319 1478 2360 τοὺς
1496 2316 1715 2368 βαρβάρους

271 2381 476 2426 στρατείας.
533 2378 688 2427 Excipit
711 2379 813 2416 illam
839 2380 887 2417 ad
915 2380 1133 2430 Philippum
1153 2381 1366 2418 orationem
1387 2392 1430 2417 ea
1451 2392 1538 2430 quae
1563 2379 1714 2418 ΑΡΧΙ-

268 2437 448 2477 ΔΑΜΟΣ
475 2445 646 2476 vocatur.
704 2439 894 2491 Inscripta
927 2448 1052 2478 autem
1085 2441 1158 2479 fuit
1188 2448 1225 2478 et
1256 2441 1362 2491 Πρὸς
1391 2440 1713 2491 Λακεδαιμονίους

266 2502 382 2547 λόγος
398 2513 406 2537 :
437 2507 472 2537 et
487 2502 640 2550 quidem
658 2502 882 2553 Dionysium
897 2505 1229 2542 Halicarnasseum
1249 2505 1300 2542 ita
1318 2512 1520 2543 vocantem
1536 2505 1712 2544 audimus

267 2560 331 2596 11111
360 2560 442 2607 ejus
476 2569 739 2611 argumentum
763 2565 969 2612 proponit:
1000 2565 1165 2615 μάλιστα
1185 2565 1211 2602 δ’
1231 2566 1271 2602 ἐν
1291 2568 1339 2616 τῷ
1366 2565 1456 2615 πρὸς
1475 2565 1711 2616 Λακεδαιμο-

267 2623 367 2662 νίους
388 2625 566 2670 γραφέντι
590 2624 691 2673 λόγῳ
720 2623 853 2673 inquit.
911 2626 1010 2663 Sunt
1029 2640 1118 2664 vero
1139 2627 1204 2676 qui
1220 2633 1258 2664 et
1274 2626 1573 2677 Λακεδαιμόνιον
1593 2629 1712 2675 λόγον

265 2692 402 2718 nomen
432 2682 465 2718 ei
493 2682 608 2720 fuisse
639 2683 832 2722 scribant:
864 2698 976 2734 quem
1000 2693 1126 2724 tamen
1150 2687 1303 2724 titulum
1326 2687 1409 2736 (qui
1430 2686 1645 2731 brevitatis,
1668 2694 1711 2725 ut

264 2741 466 2779 verisimile
487 2750 557 2787 est,
577 2743 706 2781 studio
726 2745 964 2794 excogitatus
995 2746 1082 2795 suit)
1117 2747 1238 2784 minus
1266 2747 1404 2797 probo.
1461 2746 1524 2783 Ab
1556 2747 1709 2796 Harpo-

263 2802 432 2839 cratione
465 2803 608 2851 passim
626 2805 856 2857 Ἀρχίδαμος
882 2808 1123 2856 appellatur:
1154 2808 1297 2845 alicubi
1330 2813 1454 2844 tamen
1487 2812 1526 2844 et
1552 2806 1602 2845 ‘O
1630 2810 1709 2856 περὶ

258 2862 486 2913 Ἀρχιδάμου
504 2866 619 2912 λόγος
642 2866 873 2914 appellatur.
896 2874 936 2903 ut
957 2867 992 2904 in
1015 2868 1166 2905 nomine
1185 2868 1403 2918 Πεδάριτος.
1427 2867 1563 2905 scribit
1579 2868 1676 2905 enim
1696 2882 1714 2906 :v

260 2921 470 2972 Πεὲάριτος.
500 2925 709 2972 Ἰσοκράτης
736 2927 776 2962 ἐν
802 2930 849 2976 τῷ
880 2930 960 2976 περὶ
982 2928 1210 2981 Ἀρχιδάμου
1235 2930 1335 2978 λόγῳ
1360 2935 1432 2964 τῶν
1458 2928 1496 2964 ἐκ
1515 2927 1705 2965 Λακεδαί-
