1914 3314
782 205 1111 248 PRAEFATIO.
1585 215 1668 255 329

229 319 314 357 Nec
333 318 434 357 enirn
460 318 498 356 id
512 317 667 357 'tantum
694 319 804 365 dicit,
828 321 922 371 quid
944 321 1106 360 fecerint
1125 322 1192 368 illi,
1216 323 1313 361 idest
1335 329 1381 362 ra*
1402 325 1542 372 δέοντα,
1562 329 1672 377 quod¹

227 392 328 418 nunc
348 392 422 418 non
443 379 535 418 fiat:
567 381 631 418 sed
659 381 788 427 etiam,
810 382 909 432 quid
938 395 1013 419 non
1040 382 1217 432 fecerint,
1238 384 1352 431 idest,
1374 391 1419 424 τά
1447 390 1672 440 γιγνόμενα,

225 442 331 491 quod
362 455 464 480 nnnc
493 442 586 481 fiat.’
633 444 681 481 Et
709 444 849 494 passim
880 444 918 481 in
943 445 1230 483 Commentario
1261 447 1331 484 bac
1365 448 1414 485 de
1443 461 1482 486 re
1509 451 1668 489 monuit.

225 503 488 541 conferantur
513 504 628 541 etiam
658 504 786 541 Photii
815 505 929 542 verba
960 507 1076 543 modo
1104 506 1282 545 laudata:
1313 508 1350 545 in
1381 509 1512 559 primis
1539 522 1626 561 quae
1646 525 1669 549 e

226 564 415 615 Dionysio
431 564 519 602 Hal.
536 565 748 610 retulimus,
765 578 852 615 quae
869 566 899 603 si
916 567 1002 617 quis
1017 568 1227 605 contulerit
1241 581 1328 606 cum
1342 569 1437 608 locis
1450 571 1666 618 Isocrateis,

224 637 313 675 quae
342 627 414 663 ista
440 626 615 664 scribens
633 627 670 664 in
690 628 818 664 animo
839 627 1020 674 habebat,
1040 629 1187 667 videbit
1205 643 1292 667 enm
1319 630 1419 668 idem
1449 634 1610 671 sensisse
1628 642 1667 672 et

225 686 418 726 illustrare
437 689 613 725 voluisse.
670 688 752 725 Nos
777 702 934 739 quoque
955 703 1110 740 operam
1132 691 1310 729 dabimus
1331 700 1372 730 nt
1391 693 1427 729 in
1450 696 1666 745 praecipuo-

224 760 306 786 rum
328 750 496 789 locorum
523 750 839 800 interpretatione
865 752 966 789 idem
993 753 1252 791 ostendamus.
1300 754 1389 791 vid.
1414 755 1664 794 Animadver-

224 811 351 849 siones
375 819 517 851 nostrae
547 814 595 851 ad
622 818 651 859 ξ.
672 814 716 858 η’.
739 810 805 859 ιβ’.
832 814 890 858 ιη’.
920 812 983 850 ι8’.
1033 814 1202 851 Pertinet
1228 814 1312 852 haec'
1342 816 1562 853 observatio
1587 831 1665 856 non

223 872 344 912 solnm
365 876 414 913 ad
434 876 587 913 artificii
605 877 797 920 rhetorici,
819 888 899 924 quo
918 875 966 911 ad
989 875 1208 912 evitandam
1231 877 1537 925 reprehensionis
1556 890 1663 916 acer-

223 934 382 972 bitatem
409 937 666 985 invidiamque
690 932 956 985 depellendam
982 941 1113 971 orator
1138 948 1228 972 usus
1252 943 1326 980 est,
1357 937 1660 987 intelligentiam,

221 1006 354 1045 neque
371 997 418 1034 ad
448 997 631 1035 orationis
660 1003 806 1034 tanturn
833 996 1062 1045 elegantiam
1092 996 1470 1048 pulcritudinemqne
1496 1000 1660 1037 sentien-

220 1056 322 1103 dam,
351 1059 516 1107 ejusque
543 1058 745 1096 consilium
774 1057 1114 1108 perspiciendum3
1153 1059 1218 1096 sed
1251 1060 1364 1096 etiam
1396 1060 1496 1097 haud
1526 1073 1659 1111 parum

220 1119 370 1157 confert
395 1120 442 1157 ad
470 1120 636 1158 civitatis
665 1120 839 1166 formam,
867 1131 1005 1163 mores,
1025 1125 1065 1157 et
1086 1119 1176 1156 vitae
1204 1121 1519 1159 consuetudinem
1540 1123 1661 1160 Athe-

220 1181 406 1220 niensium
426 1183 733 1233 cognoscendam
749 1196 758 1226 ;
780 1194 867 1219 cum
887 1195 974 1232 quae
993 1182 1144 1219 Solonis
1159 1195 1323 1231 eumque
1340 1185 1514 1233 proxime
1531 1192 1663 1222 secuta

220 1248 335 1280 aetate
358 1243 523 1288 fuerint;
554 1250 634 1281 tum
657 1250 842 1294 quantum
870 1243 919 1280 de
947 1243 1132 1292 majorum
1154 1243 1294 1280 virtute
1321 1251 1360 1281 et
1388 1257 1516 1282 severa
1544 1246 1661 1284 disei-

218 1304 322 1354 plina
336 1305 582 1350 desciverint,
596 1312 715 1356 atque
731 1306 768 1342 in
785 1305 986 1354 ignaviam,
1003 1304 1304 1354 gravissimarum
1321 1317 1445 1343 rerum
1462 1307 1661 1354 incuriam,

218 1367 419 1413 luxuriam,
449 1380 595 1405 morum
625 1364 1028 1417 corruptelamatque
1057 1366 1160 1403 omni
1183 1367 1483 1417 reprehensione
1505 1368 1661 1417 dignam

217 1428 410 1467 licentiam
430 1429 648 1478 inciderint,
668 1435 707 1467 et
733 1441 934 1479 quousque
949 1429 1028 1477 jam
1051 1429 1235 1466 Isocratis
1254 1434 1368 1466 aetate
1389 1429 1556 1480 prolapsi
1577 1430 1658 1468 fue—

217 1491 316 1529 rint:
346 1503 432 1539 quae
450 1491 538 1528 vitia
559 1491 597 1527 in
616 1503 732 1527 causa
752 1490 866 1527 fuisse
893 1492 1043 1527 amissae
1066 1491 1297 1527 Graecorum
1324 1490 1529 1534 libertatis,
1556 1504 1658 1542 quae,

217 1551 312 1590 fusis
332 1552 621 1590 Atheniensium
642 1551 913 1602 sociorumque
938 1550 1062 1601 copiis
1088 1551 1136 1588 ad
1159 1551 1409 1589 Chaeroneam
1433 1565 1454 1589 a
1478 1552 1660 1604 Philippo

217 1614 450 1660 Macedone,
471 1615 650 1651 isocratis
672 1615 860 1651 senectuti
881 1619 1003 1650 morte
1026 1612 1141 1649 finem
1163 1612 1360 1662 imposuit,
1383 1626 1459 1650 non
1479 1614 1659 1652 dubitan-

216 1676 307 1714 dum
329 1683 399 1714 est.
455 1675 516 1713 Cf.
538 1676 837 1713 Valckenaerius
862 1676 897 1712 iu
920 1682 1015 1713 orat.
1037 1675 1085 1712 de
1107 1675 1285 1725 Philippo
1312 1675 1415 1712 Mac.
1442 1688 1479 1725 p.
1502 1679 1593 1713 241.
1619 1684 1659 1714 et

214 1740 305 1778 272.
324 1738 455 1788 ibique
475 1737 758 1775 annotationes.

268 1798 445 1838 Diximus
473 1800 521 1837 de
545 1799 712 1837 artificio
740 1799 950 1836 rhetorico.
1009 1799 1053 1836 Id
1080 1799 1117 1835 in
1148 1798 1293 1848 reliqua
1326 1798 1522 1836 Orationis
1549 1805 1661 1849 parte

213 1874 325 1913 aeque
345 1875 391 1900 ac
413 1863 450 1899 in
473 1861 669 1912 superiore
690 1861 828 1898 elucet.
886 1860 982 1898 lude
1000 1873 1021 1897 a
1046 1864 1076 1908 ζ.
1099 1860 1288 1908 κγ’-κε’.
1318 1860 1486 1898 occurrit
1511 1861 1659 1900 Isocra-

214 1930 271 1962 tes
291 1922 576 1973 reprehensioni
595 1922 914 1966 adversarfflrum,
931 1920 998 1971 qui
1018 1919 1187 1969 objicere
1204 1926 1382 1971 poterant
1397 1934 1480 1958 eum
1501 1932 1658 1971 operam

213 1985 364 2023 inanem
395 1985 541 2029 ludere,
574 1992 612 2022 et
644 1984 856 2034 periculum
893 1995 978 2021 esse
1011 1995 1058 2020 ne
1091 1995 1272 2020 novarum
1302 1994 1429 2020 rerum
1463 1982 1657 2020 studiosus

213 2046 420 2084 videretur.
478 2045 565 2084 Non
599 2057 694 2083 nova
720 2056 761 2083 se
779 2046 844 2083 sed
876 2052 1004 2082 vetera
1031 2051 1151 2095 atque
1181 2046 1358 2083 omnibus
1379 2053 1470 2083 nota
1495 2047 1657 2084 suadere

213 2104 325 2153 dicit,
345 2107 513 2158 indeque
544 2108 704 2145 maxime
725 2120 830 2145 suam
854 2108 1082 2145 sententiam
1106 2121 1305 2158 apparere,
1327 2108 1432 2158 quod
1459 2108 1496 2145 in
1522 2108 1654 2158 pleris-

212 2181 289 2220 que
322 2170 562 2207 orationibus
591 2181 802 2220 paucorum
850 2169 1083 2219 cupiditates
1132 2170 1456 2220 reprehendisset,
1503 2181 1655 2221 aequam

212 2231 348 2282 populi
377 2231 690 2277 dominationem,
711 2234 777 2274 τὰς
808 2230 1068 2283 δημοκρατίας,
1090 2231 1303 2276 laudasset,
1325 2244 1419 2281 quas
1449 2231 1575 2278 sciret,
1596 2232 1655 2270 vel

212 2299 306 2339 tum,
327 2307 413 2332 cum
435 2305 510 2331 non
525 2300 652 2331 essent
669 2294 815 2342 optime
835 2294 1069 2338 constitutae‚
1091 2300 1217 2330 tamen
1238 2293 1351 2343 longe
1370 2299 1554 2342 praestare
1574 2299 1657 2336 ταῖς

211 2356 468 2409 ὀλιγαρχίαις.
509 2355 626 2399 Quod
659 2361 699 2393 ut
726 2355 917 2400 ostendat,
937 2361 1054 2404 atque
1082 2355 1228 2399 odium,
1259 2354 1290 2391 si
1316 2354 1422 2404 quod
1455 2354 1555 2393 sorte
1585 2355 1658 2394 sibi

211 2417 480 2462 contraxisset,
502 2417 638 2461 diluat,
659 2417 862 2467 praesentis
882 2417 933 2453 ab
950 2415 1125 2453 omnibus
1147 2415 1390 2466 reprehensas
1410 2417 1505 2466 reip.
1524 2415 1656 2454 formae

210 2491 299 2518 cum
321 2478 453 2517 XXX.
475 2479 641 2516 virorum
661 2479 865 2529 tyrannide
884 2484 1118 2528 comparatae
1144 2477 1404 2516 laudationem
1422 2481 1656 2529 (quanquam

211 2554 293 2580 sese
311 2555 332 2579 a
347 2541 550 2593 proposito
571 2541 690 2578 averti
713 2541 919 2587 sentiebat)
937 2539 1110 2589 suscipit,
1131 2543 1161 2587 ξ.
1182 2540 1227 2576 κε’
1240 2538 1366 2584 -μεθῖ
1433 2539 1549 2583 Quod
1569 2552 1657 2577 cum

210 2602 377 2650 fecisset,
406 2603 518 2653 eique
539 2602 665 2640 denuo
685 2602 805 2653 objici
834 2609 978 2653 posset,
999 2612 1068 2639 cnr
1094 2600 1246 2639 tandem
1278 2613 1360 2639 eam
1394 2601 1558 2639 civitatis
1587 2601 1655 2639 ad·

212 2662 538 2709 ministrationem,
573 2676 687 2715 quam
724 2663 838 2701 niodo
872 2670 1072 2713 tantopere
1107 2662 1352 2709 laudavisset,
1384 2662 1657 2714 abrogandam,

211 2726 397 2775 aliamque
417 2725 500 2773 ejus
515 2726 601 2763 loco
623 2724 930 2762 substituendam
950 2730 1128 2761 censeret
1145 2737 1154 2762 ε
1186 2725 1238 2762 ita
1255 2724 1400 2762 dicenti
1414 2724 1469 2761 sic
1489 2723 1659 2761 occurrit

212 2789 243 2834 §-
262 2787 309 2826 λ’.
339 2795 380 2826 ut
407 2787 616 2825 contendat
649 2786 903 2827 Athenienses
933 2797 1008 2823 non
1046 2785 1136 2823 satis
1169 2786 1243 2824 sibi
1279 2785 1421 2823 ducere
1454 2785 1598 2822 debere
1627 2784 1656 2820 si

212 2846 328 2898 paulo
342 2849 518 2888 meliores
533 2855 660 2887 essent
679 2848 854 2900 pessimis
874 2847 1036 2893 civibus,
1058 2847 1185 2886 XXX.
1202 2847 1388 2899 tyrannis,
1405 2847 1472 2885 sed
1493 2845 1657 2896 graviter

212 2908 310 2947 ferre
331 2911 514 2961 quamdiu
535 2909 749 2960 majoribus
766 2908 923 2961 pejores
940 2915 1080 2946 essent.
1137 2909 1234 2947 Inde
1248 2909 1295 2947 ad
1318 2908 1521 2959 pristinum
1541 2918 1653 2955 argu-

213 2977 376 3010 mentum
408 2973 523 3020 redit,
555 2984 601 3011 ac
631 2982 761 3011 rursus
791 2970 927 3010 incidit
955 2974 988 3018 ς.
1014 2969 1088 3018 λβ.
1117 2970 1155 3009 in
1188 2968 1321 3009 laudes
1348 2967 1585 3008 fortitudinis
1613 2973 1652 3004 et

893 3044 967 3078 2ο
