1924 3314
282 233 306 272 8
555 226 964 271 HIERONYMUS
998 226 1276 269 WOLFIUS
1311 227 1435 270 ETC.

282 345 474 395 Georgius
494 345 682 383 Sabinus:
732 346 956 384 Orationem
986 346 1034 383 de
1061 345 1175 389 Pace,
1207 344 1430 395 Onophrius
1458 343 1718 389 Bartholinus,

281 410 320 442 et
338 405 474 443 Petrus
494 405 753 444 Mosellanus:
784 407 991 444 Orationes
1012 405 1193 443 Isocratis
1213 417 1358 451 omnes,
1374 405 1537 442 Ioannes
1559 403 1721 441 Lonice-

279 478 367 503 rus:
384 465 574 514 Epistolas
594 478 739 512 omnes,
753 467 924 504 Renatus
938 465 1173 504 Guillonius.
1195 465 1269 502 Hae
1285 464 1403 514 igitur
1419 463 1718 503 Isocraticarum

277 525 587 563 lucubrationum
613 526 949 576 interpretationes
978 526 1016 563 in
1046 538 1180 564 manus
1214 524 1306 562 mihi
1326 530 1534 563 venerunt:
1565 526 1613 562 de
1633 523 1718 573 qui-

277 585 349 622 bus
366 585 520 635 §Ingulis
542 585 636 635 quid
657 587 832 633 sentiam,
847 599 924 624 non
945 599 1101 624 necesse
1122 585 1246 623 habeo
1267 585 1411 622 dicere.
1467 584 1543 621 Sed
1563 590 1714 626 acutus,

247 690 258 697 .
275 646 447 683 eruditus
482 651 519 683 et
549 659 683 695 aequus
715 648 856 683 Lector
886 646 998 683 facile
1031 645 1179 681 videbit
1207 645 1332 686 Qum
1367 653 1572 681 msTEN'r
1606 653 1714 681 ΕΒΑ

276 713 465 741 LUPINIS
482 718 490 741 :
509 710 561 750 et,
576 709 620 740 ut
634 705 729 741 nihil
747 704 849 740 aliud
871 716 942 752 ego
955 703 1231 753 praestitissem,
1252 703 1311 740 vel
1324 704 1459 741 obhoc
1476 704 1570 740 mihi
1583 702 1717 741 deberi

273 763 433 812 gratiam
452 763 653 812 intelliget,
681 762 786 812 quod
808 762 993 812 plurimos
1023 762 1290 800 adolescentes
1310 763 1359 800 a'd
1380 763 1586 812 legendum
1607 764 1717 801 Grae-

274 835 331 860 cae
355 823 589 872 eloquentiae
619 828 820 872 parentem
840 825 928 871 (cur
953 823 1053 860 enim
1080 823 1154 861 hoc
1187 836 1321 860 ornare
1354 824 1562 860 Isocratem
1589 823 1715 873 elogio

275 882 449 920 dubitem
465 883 498 931 2)
526 883 712 921 incitarim
730 896 740 926 ;
772 883 890 933 idque
917 896 993 920 non
1020 883 1178 920 minima
1198 896 1245 920 ex
1264 889 1374 933 parte
1394 883 1605 929 effecerim,
1624 889 1667 921 ut
1685 883 1718 920 is

271 941 310 978 in
326 942 531 993 plerasque
544 944 695 981 scholas
711 943 808 981 bene
826 943 1022 982 institutas
1037 944 1085 981 sit
1100 950 1291 994 receptus.
1321 944 1458 992 Neque
1474 957 1563 982 vero
1578 957 1712 994 parum

272 1002 370 1039 bene
391 1003 438 1040 de
460 1004 600 1054 repub.
619 1003 746 1041 meriti
767 1016 850 1040 esse
870 1003 1053 1041 censendi
1073 1011 1178 1051 sunt,
1199 1005 1267 1054 qui
1291 1004 1565 1042 adolescentiae
1585 1004 1716 1042 studia

273 1062 321 1099 ad
349 1062 534 1112 optimum
558 1078 743 1114 vquenque
771 1065 971 1114 utriusque
997 1064 1139 1114 linguae
1167 1072 1364 1103 auctorem
1397 1065 1711 1114 cognoscendum

273 1123 486 1162 excitarint.
534 1125 677 1163 Verum
698 1131 826 1163 noster
845 1125 906 1163 hic
923 1131 1052 1162 orator
1071 1139 1159 1163 vere
1178 1126 1358 1176 politicus
1379 1132 1417 1162 et
1439 1126 1566 1175 regius
1584 1128 1712 1175 (repe-
1748 1118 1751 1121 ’

272 1183 390 1220 tenda
408 1184 506 1221 euim
528 1191 614 1223 sunt
629 1198 716 1235 quae
736 1198 851 1236 supra
878 1186 991 1223 etiam
1018 1186 1205 1234 diximus)
1220 1199 1294 1224 non
1316 1186 1432 1223 modo
1453 1186 1712 1224 studiosorum

273 1242 466 1280 hominum
480 1245 658 1291 lectione,
676 1246 741 1283 sed
763 1252 802 1284 et
822 1259 953 1296 regum
973 1244 1014 1284 et
1034 1247 1252 1298 principum
1273 1248 1309 1284 in
1331 1246 1530 1296 republica
1547 1247 1710 1285 virorum

271 1303 502 1352 cognitione,
523 1305 613 1343 mihi
627 1312 732 1344 certe
752 1306 909 1356 quidem
924 1306 1076 1345 videtur
1096 1320 1180 1345 esse
1200 1307 1352 1357 dignus.
1411 1305 1542 1352 Quod,
1563 1307 1635 1343 etsi
1655 1306 1711 1344 le-

270 1364 406 1414 gendis
438 1364 522 1414 ejus
552 1367 705 1416 scriptis
752 1368 886 1405 melius
922 1380 1036 1416 quam
1067 1368 1145 1405 ulla
1177 1368 1251 1405 alia
1282 1367 1429 1404 ratione
1463 1366 1710 1416 intelligetur,

269 1430 395 1461 tamen
419 1426 475 1462 vel
496 1432 652 1476 propter
672 1427 827 1465 Graecae
855 1427 995 1476 linguae
1026 1427 1192 1476 ignaros,
1213 1427 1273 1464 vel
1297 1433 1460 1477 propter
1485 1439 1610 1463 rerum
1637 1427 1708 1464 im-

267 1484 413 1532 peritos
433 1485 714 1533 adolescentes,
734 1493 772 1524 et
791 1493 963 1524 veterum
990 1493 1028 1524 et
1054 1493 1195 1525 nostrae
1219 1488 1343 1525 aetatis
1367 1487 1570 1524 doctorum
1591 1486 1710 1523 homi-

267 1556 358 1580 num
396 1546 628 1594 testimonia,
668 1554 850 1596 tanquam
889 1548 1091 1586 sententiae
1129 1554 1274 1586 nostrae
1313 1548 1493 1596 suffragia
1529 1547 1705 1595 quaedam

265 1605 539 1644 adscribamus,
