1914 3314
264 210 341 248 792
568 211 646 249 AD
682 210 1015 251 VARlANTES
1052 211 1377 254 LECTIONES

259 319 341 355 dein
366 320 450 355 XV.
473 326 613 356 tantum
639 322 827 358 orationes
841 330 1047 366 enumerat,
1064 336 1179 372 quum
1201 338 1343 371 omnes,
1363 329 1432 364 i.e.
1456 328 1569 365 XXI.
1586 340 1678 366 cou-

259 378 457 416 tineantur.
516 380 552 416 Is
575 382 696 418 codex
719 382 856 419 saeculo
877 383 1025 420 decimo
1048 386 1182 433 quinto
1202 387 1348 424 videtur
1367 394 1552 425 exaratus.

309 443 384 485 p9.
405 442 517 477 2931.
548 440 680 478 Codex
705 443 940 487 chartaceus,
967 445 1096 494 inquo
1124 458 1255 483 omnes
1281 447 1458 484 Isocratis
1488 448 1677 486 orationes

255 497 495 536 exhibentur.
550 500 586 536 Is
609 501 730 539 codex
751 503 893 540 saeculo
913 504 1061 541 decimo
1084 506 1216 554 quinto
1237 506 1385 544 videtur
1403 514 1592 545 exaratus.

307 571 331 606 p
354 563 409 596 10.
431 562 546 598 2932.
575 561 708 599 Codex
724 563 962 613 chartaceus,
978 565 1334 611 Fonteblandensis,
1355 569 1392 604 in
1410 581 1486 618 quo
1502 568 1678 618 leguntur

256 618 432 656 Isocratis
448 621 636 658 orationes
651 622 765 660 XIII.
797 624 943 661 Desunt
958 625 1274 671 Panathenaicus,
1287 628 1408 665 oratio
1422 628 1470 665 de
1485 627 1676 672 Antidosi,

253 679 372 716 oratio
387 679 565 718 adversus
580 682 791 728 Lochitem,
811 684 931 721 oratio
946 684 993 721 de
1010 685 1124 736 Bigis,
1138 687 1385 737 AEgineticus,
1401 688 1676 738 Trapeziticus,

251 740 371 776 oratio
400 739 581 778 adversus
616 742 901 782 Callimachum.
958 745 1032 783 Hic
1065 747 1175 784 etiam
1208 755 1344 797 peccat
1372 749 1579 800 Catalogus
1607 749 1677 786 im-

250 812 421 849 pressus;
452 814 614 853 namque
635 803 670 839 in
691 805 901 842 orationum
923 808 1206 846 enumeratione
1225 809 1498 860 Panegyricum
1520 810 1675 848 omittit.

251 860 287 897 Is
305 860 427 898 codex
446 863 587 900 saeculo
607 863 758 902 decimo
779 866 912 914 quinto
935 875 1110 905 exaratus
1131 869 1291 908 videtur.

300 933 327 971 p
342 925 403 959 11.
418 925 534 961 2944.
556 923 688 961 Codex
705 926 941 971 chartaceus,
956 928 1020 977 qui
1042 930 1139 966 inter
1159 930 1227 967 alia
1245 932 1352 980 plura
1367 931 1482 968 habet
1496 931 1677 968 Isocratis

248 982 534 1022 Archidamum.
596 985 655 1022 Ita
678 987 885 1037 Catalogus
905 988 1121 1038 impressu3‚
1138 990 1204 1028 sed
1229 992 1397 1030 debebat
1415 992 1581 1029 scribere
1601 1005 1678 1029 non

250 1043 430 1084 Isocratis
449 1046 739 1095 Archidamum,
762 1049 785 1086 i.
808 1064 841 1087 e.
862 1050 1073 1088 orationem
1095 1053 1275 1090 Isocratis
1297 1053 1520 1103 inscriptam
1541 1052 1678 1090 Archi-

250 1105 398 1153 damus,
412 1115 452 1146 at
465 1109 687 1160 Epistolam
703 1110 886 1149 Isocratis
904 1111 956 1149 ad
967 1111 1254 1159 Archidamum,
1276 1128 1388 1165 quam
1413 1115 1528 1151 habet
1556 1114 1679 1152 codex

250 1168 322 1206 sub
344 1168 453 1206 titulo
474 1182 548 1207 non
569 1178 676 1209 recto
696 1172 785 1209 satis
807 1171 1032 1210 Encomium
1052 1173 1294 1213 Archidami.
1337 1177 1374 1213 Is
1392 1175 1516 1213 codex
1534 1175 1679 1213 saeculo

248 1228 398 1266 decimo
414 1230 547 1280 quinto
567 1231 716 1270 videtur
734 1238 920 1271 exaratus.

299 1303 326 1340 p
346 1294 410 1329 12.
441 1294 557 1330 2990.
588 1292 722 1330 Codex
749 1293 1017 1344 bombycinus,
1048 1293 1112 1343 qui
1141 1295 1313 1333 continet
1341 1295 1611 1334 Demosthenis
1639 1296 1679 1333 in

248 1349 471 1389 AEschinem
498 1351 752 1402 fragmentum
773 1353 891 1390 tribus
912 1360 1091 1391 constans
1117 1355 1275 1404 paginis,
1304 1362 1342 1393 et
1370 1357 1480 1393 XIV.
1500 1356 1679 1394 Isocratis

247 1411 454 1450 orationes.
522 1414 796 1452 Desiderantur
829 1414 1098 1465 PanegyricuS,
1132 1417 1450 1463 Panathenaicus,
1484 1418 1677 1456 orationes

245 1473 293 1510 ad
315 1474 583 1520 Demonicum,
611 1475 792 1513 adversus
821 1475 1036 1522 Lochitem,
1058 1477 1239 1515 adversus
1267 1479 1502 1529 Euthynum‚
1527 1478 1576 1517 de
1601 1481 1680 1517 An-

246 1534 375 1579 tidosi‚
396 1534 443 1572 de
466 1536 582 1585 Bigis.
637 1537 675 1574 Is
695 1537 816 1574 codex
838 1537 981 1574 saeculo
996 1537 1145 1576 decimo
1165 1546 1300 1589 quarto
1321 1547 1494 1579 exaratus
1514 1540 1677 1579 videtur.

299 1608 324 1645 p
345 1600 411 1633 13.
432 1599 550 1634 2991.
580 1597 715 1634 Codex
734 1597 999 1648 bombycinus,
1019 1599 1083 1647 qui
1105 1599 1221 1639 habet
1239 1601 1420 1651 anonymi
1445 1600 1493 1639 ad
1512 1601 1676 1640 amicum

247 1657 543 1695 consolationem
567 1658 616 1696 de
642 1659 800 1697 adverso
819 1673 945 1697 rerum
971 1673 1120 1698 suarum
1148 1667 1261 1707 statu,
1281 1668 1320 1700 et
1339 1676 1470 1700 omnes
1498 1663 1681 1701 Isocratis

247 1718 454 1756 orationes.
476 1719 551 1756 Hic
567 1719 692 1758 adhuc
707 1725 844 1770 peccat
859 1722 1066 1773 Catalogus
1078 1722 1298 1772 impressus,
1312 1723 1377 1774 qui
1393 1723 1523 1762 XVII.
1543 1725 1680 1762 solum-

248 1780 362 1817 modo
388 1780 578 1818 orationes
599 1787 785 1821 recenset.
841 1783 878 1820 Is
897 1783 1020 1821 codex
1040 1785 1182 1822 saeculo
1202 1783 1353 1822 decimo
1376 1786 1512 1835 quinto
1530 1784 1681 1823 videtur

247 1848 435 1879 exaratus.
465 1842 510 1879 In
528 1842 661 1880 codice
678 1843 861 1894 inscripto
881 1849 984 1884 2991
1007 1847 1054 1883 A.
1068 1845 1166 1883 inter
1179 1845 1252 1883 alia
1266 1846 1390 1896 plura,
1406 1846 1543 1895 legitur
1556 1846 1678 1884 oratio

247 1904 373 1940 Isocra
381 1903 426 1940 tis
440 1902 489 1940 ad
504 1904 773 1944 Demonicum.
806 1906 932 1949 Quem
947 1907 1133 1952 codicem,
1149 1919 1264 1956 quum
1277 1921 1324 1945 ex
1338 1920 1384 1945 eo
1400 1907 1540 1945 nullam
1556 1920 1678 1959 neque

245 1964 549 2003 emendationem
566 1979 689 2016 neque
703 1967 910 2005 variantem
931 1968 1170 2013 extraxerim,
1191 1969 1296 2006 nulla
1315 1969 1424 2006 litera
1443 1968 1651 2019 designavi.

301 2038 325 2074 p
345 2029 408 2063 14.
433 2029 550 2065 2992.
578 2027 713 2065 Codex
741 2028 981 2074 chartaceus,
1003 2029 1068 2079 qui
1096 2030 1194 2067 inter
1216 2029 1337 2067 multa
1363 2029 1436 2067 alia
1455 2030 1572 2067 habet
1592 2042 1677 2067 ora-

246 2085 386 2124 tionem
403 2087 585 2126 Isocratis
604 2088 653 2126 ad
670 2089 936 2127 Demonicum.
993 2090 1030 2128 ls
1051 2090 1174 2128 codex
1194 2091 1347 2130 ineunte
1368 2091 1510 2129 saeculo
1525 2090 1677 2129 decimo

245 2154 353 2185 sexto
373 2148 524 2188 videtur
542 2156 729 2188 exaratus.

297 2221 322 2258 p
341 2214 407 2247 15.
425 2213 543 2248 3024.
574 2211 707 2249 Codex
733 2211 970 2260 chartaceus,
996 2213 1084 2251 olim
1111 2213 1369 2260 Colbertinus,
1389 2213 1453 2264 qui
1481 2214 1579 2251 inter
1603 2214 1678 2251 alia

246 2271 399 2309 exhibet
420 2272 596 2310 Isocratis
617 2273 809 2311 orationes
829 2274 876 2311 ad
898 2274 1169 2321 Demonicum,
1184 2275 1232 2312 ad
1253 2275 1466 2319 Nicoclem,
1488 2273 1678 2324 ejusdem-

246 2345 320 2381 que
341 2333 541 2371 Nicoclem
561 2339 600 2371 et
615 2335 828 2372 encomium
847 2335 1019 2373 Helenae.
1076 2337 1282 2387 Catalogus
1296 2337 1498 2386 impressus
1516 2336 1676 2374 duarum

245 2392 433 2432 duntaxat
461 2395 674 2433 orationum
700 2397 928 2435 mentionem
957 2397 1062 2444 facit,
1083 2397 1228 2436 scilicet
1255 2398 1438 2435 orationis
1458 2398 1505 2435 ad
1533 2398 1676 2436 Demo-

246 2453 373 2491 nicum
393 2461 432 2493 et
452 2456 682 2495 laudationis
704 2458 874 2496 Helenae.
931 2459 969 2496 Is
988 2459 1111 2497 codex
1128 2460 1270 2497 saeculo
1290 2458 1441 2497 decimo
1460 2459 1594 2510 quinto
1613 2472 1677 2497 ex-

247 2521 374 2553 aratus
396 2517 556 2556 videtur.

298 2589 322 2625 p
341 2580 401 2613 16.
422 2582 538 2616 3054.
568 2578 702 2617 Codex
721 2580 955 2628 chartaceus,
970 2582 1049 2631 qui,
1070 2581 1167 2619 inter
1186 2582 1277 2619 alias
1297 2581 1424 2631 plures
1443 2581 1675 2619 diversorum

244 2644 456 2683 auctorum,
484 2641 655 2678 continet
676 2641 855 2679 Isocratis
877 2642 1081 2692 Epistulas,
1110 2642 1254 2680 scilicet
1281 2643 1439 2692 primam
1465 2642 1512 2679 ad
1535 2642 1677 2690 Philip·

244 2714 350 2751 pum,
371 2701 416 2738 ad
441 2701 586 2738 Iasonis
607 2703 758 2747 liberos,
782 2704 989 2741 secundam
1011 2705 1058 2742 ad
1081 2704 1314 2754 Philippum,
1340 2703 1488 2741 tertiam
1515 2702 1562 2740 ad
1581 2716 1676 2740 euu-

243 2763 343 2808 dem,
372 2762 419 2800 ad
450 2762 724 2810 Alexandrum,
753 2771 926 2814 quartam
955 2765 1002 2802 ad
1033 2765 1266 2814 Philippum.
1326 2765 1446 2802 Deest
1473 2763 1608 2801 folium
1636 2764 1674 2801 in

242 2836 317 2873 quo
335 2823 408 2873 legi
428 2823 589 2861 deberet
610 2824 695 2862 finis
716 2826 826 2876 hujus
845 2826 1032 2876 epistolae,
1054 2833 1092 2863 et
1112 2826 1261 2863 initium
1281 2825 1453 2875 epistolae
1473 2824 1519 2860 ad
1541 2824 1675 2862 Timo-

242 2884 385 2922 theum.
444 2885 627 2922 Ultimum
648 2886 802 2923 verbum
831 2887 1004 2937 epistolae
1030 2887 1077 2924 ad
1106 2887 1328 2937 Philippum
1354 2892 1410 2923 est
1431 2886 1672 2932 διατετέλεκα,

242 2945 403 2994 primum
425 2946 597 2996 epistolae
619 2947 810 2995 sequentis
837 2949 1046 2996 ἀνθρώπων.
1106 2947 1196 2985 Post
1223 2947 1434 2996 epistolam,
1457 2947 1512 2983 vel
1544 2947 1670 2995 potius
