1914 3314
267 225 371 272 252

741 227 1228 269 ΙΣΟΚΡΑΤΟὙΣ

269 363 345 390 και
373 335 440 388 <roi
467 336 544 388 καὶ
574 347 664 396 τοῖς
691 336 867 400 ἄλλοις,
897 341 950 398 ὦς
978 339 1022 391 οὗ
1049 338 1157 390 ds*
1124 364 1268 391 ανοιοιν
1294 340 1384 393 ου’δε
1411 338 1696 408 διαψευσθεὶς

419 409 473 426 5,(

270 411 374 471 1τῆς
397 433 650 500 αρξωστιας
685 413 762 473 τῆς
796 436 860 463 νυν
884 438 958 481 μοι
984 437 1213 505 παρουσης
1235 412 1489 484 Ξε’ῑσεθε-’μην
1515 415 1695 482 ’γράφειν
1713 429 1739 466 b

269 508 343 535 τον
357 486 470 557 πρὸς
486 482 535 535 σὲ
555 483 702 550 λόγον,
719 485 829 537 ἄλλ’
849 485 1020 545 εἰκότως
1040 484 1116 538 nai
1142 486 1272 537 nard
1291 488 1438 561 μικρὸν
1456 486 1691 554 υπαχθεῖς.

605 582 745 612 A...CL

439 582 446 599 ¹
470 580 522 610 ὑπὲι
537 593 589 616 της

269 656 391 692 omissa,
404 656 632 686 Macedonicum
647 667 770 695 regnum
785 658 966 696 occupavit3

269 698 369 739 (με’.)
400 699 510 728 tertius
537 699 678 738 denique,
707 700 826 729 familiae
855 706 966 730 vestrae

270 746 384 777 auctor,
407 741 580 780 prudentia,
605 742 753 780 sapientia
781 748 812 772 et
837 743 966 781 justitia,

270 784 416 822 temporis
432 784 478 818 sui
493 784 665 814 hominibus
688 796 745 814 non
764 785 862 814 minus
884 791 967 815 ante-

270 827 387 862 celluit,
409 837 497 866 quam
522 828 630 857 robore
654 828 803 867 corporis,
826 828 864 857 ad
888 829 968 866 quod

270 870 534 899 demonstrandum
550 880 638 899 unum
650 871 716 908 ejus
730 870 968 906 facinus,multis

270 912 338 941 aliis
355 912 485 948 omissis,
500 912 635 942 sufficiat.
683 911 780 952 (μζ.)
797 913 968 952 Ille,quum

272 954 423 985 Graeciam
447 955 533 983 bellis
554 966 589 984 ac
610 954 810 984 seditionibus
828 956 967 986 refertam

273 998 403 1032 videret,
417 998 496 1026 facta
510 997 591 1026 inter
610 997 751 1026 civitates
771 1008 857 1036 pace,
873 1009 968 1038 expe-

271 1039 416 1069 ditionem
433 1044 536 1068 contra
551 1041 757 1078 Trojam,quae
772 1046 833 1069 tum
850 1041 880 1070 in
894 1041 970 1070 Asia

271 1082 478 1121 potentissima
492 1087 567 1118 erat,
585 1083 730 1120 suscepit,
747 1093 842 1121 eaque
856 1093 970 1122 paucos

272 1125 350 1154 iutra
359 1125 426 1154 dies
438 1130 536 1164 capta,
547 1125 698 1155 universis
707 1125 827 1163 regibus
838 1125 969 1163 gentium

273 1172 431 1206 utrumque
453 1168 543 1197 maris
561 1168 771 1197 mediterranei
792 1167 865 1197 litus
885 1167 970 1196 inco-

271 1209 395 1239 lentium
412 1210 534 1246 occisis,
557 1210 649 1239 veluti
668 1214 887 1239 monumentum
910 1210 970 1239 vir-

272 1252 346 1282 tutis
363 1263 437 1287 suae,
453 1253 619 1287 columnas,
633 1262 708 1290 quas
726 1257 833 1281 vocant
851 1252 970 1282 Hercu-

272 1295 346 1330 leas,
362 1295 528 1324 constituit.
562 1294 657 1335 (pan'.)
675 1295 794 1331 Quibus
810 1295 970 1333 exemplis,

273 1347 331 1366 non
360 1337 476 1372 alienis,
502 1338 557 1367 sed
584 1338 761 1367 domesticis
786 1337 913 1367 excitari
941 1344 970 1367 te

272 1390 388 1418 oequum
404 1385 463 1415 est,
481 1385 524 1415 ut,
539 1379 597 1409 uisi
617 1380 645 1408 in
668 1381 818 1415 omnibus,
834 1380 863 1409 in
882 1380 970 1409 mori-

272 1422 330 1452 bus
344 1427 442 1452 tamen
463 1427 494 1451 et
512 1422 696 1452 humanitate
713 1430 743 1452 et
763 1423 971 1452 benevolentia

273 1475 345 1501 erga
370 1464 510 1500 Graecos,
529 1466 730 1503 progenitoris
754 1466 797 1494 tui
822 1475 908 1503 quam
931 1466 970 1494 si·

272 1507 414 1536 millimus
426 1508 491 1543 fias,
503 1518 558 1537 non
571 1508 610 1536 iis
625 1507 733 1536 bellum
745 1507 886 1542 iuterms,
897 1518 971 1546 quos

275 1554 303 1579 te
319 1550 462 1579 invadere
479 1551 560 1579 nefas
571 1555 626 1584 est,
640 1551 691 1579 sed
705 1560 772 1578 cum
787 1549 904 1579 Graecis
919 1550 972 1578 ad-

274 1602 382 1621 versus
399 1602 451 1621 eos
469 1592 578 1622 bellum
603 1603 720 1631 gerens,
736 1602 810 1630 quos
832 1594 868 1620 ab
891 1593 972 1621 Her-

274 1634 351 1664 culis
375 1635 504 1672 posteris
535 1634 703 1674 oppugnari
728 1635 827 1663 decet.
872 1633 971 1674 (549¹.)

273 1678 316 1706 Te
332 1682 431 1706 antem
454 1677 521 1706 ideo
546 1687 600 1715 per
627 1682 718 1706 totam
745 1677 908 1706 orationem
934 1678 972 1706 ad

274 1720 443 1758 praestanda
459 1719 578 1749 Graecis
592 1719 746 1753 beneficia,
760 1720 972 1749 humanitatem

273 1772 308 1791 ac
323 1762 583 1791 mansuetudinem
597 1763 750 1796 adhortor,
762 1763 843 1801 quod
858 1773 972 1792 morum

272 1802 465 1834 acerbitatem
479 1806 617 1834 omnibus
630 1805 782 1834 molestam
794 1815 862 1834 esse
875 1806 974 1840 video,

273 1847 533 1877 mansuetudinem
549 1852 649 1877 autem
662 1858 717 1876 non
730 1847 759 1876 in
771 1848 866 1876 brutis
876 1848 974 1877 solum

273 1894 304 1919 et
323 1890 504 1926 homiuibus,
521 1891 572 1919 sed
598 1890 626 1919 in
650 1889 710 1919 diis
731 1890 818 1919 etiarn
844 1891 974 1928 probari.

273 1931 340 1973 (ν’.)
362 1933 393 1961 Si
415 1934 501 1962 lason
520 1933 660 1962 Pheraeus
675 1932 833 1961 maximam
848 1933 973 1971 gloriam

272 1980 454 2005 consecutus
466 1980 513 2005 est
522 1980 570 2010 eo,
584 1975 662 2014 quod
677 1975 705 2004 in
720 1975 821 2004 Asiam
835 1986 867 2004 se
881 1982 974 2005 trans-

273 2018 382 2047 iturum
407 2022 437 2047 et
457 2018 522 2056 regi
547 2019 705 2047 Persarum
722 2017 834 2047 bellum
852 2028 920 2047 esse
939 2019 974 2047 il-

273 2061 401 2090 laturum
411 2061 581 2096 dictitabat,
590 2061 706 2100 qualern
718 2060 755 2089 de
766 2067 794 2089 te
803 2061 974 2099 opinionem

276 2103 411 2133 homines
432 2104 586 2133 habituros
607 2113 672 2133 esse
698 2109 799 2141 putas,
815 2104 840 2132 si
858 2104 974 2138 eadem,

276 2155 308 2174 re
326 2147 405 2185 ipsa,
422 2147 588 2185 perfeceris
603 2156 638 2175 ac
654 2145 712 2174 nisi
729 2150 823 2175 totum
841 2156 975 2185 regnum,

276 2194 392 2227 partem
410 2195 506 2218 tamen
524 2189 568 2218 illi
585 2188 745 2227 eripueris,
761 2198 858 2227 enque
880 2189 976 2217 dedu·

276 2241 327 2260 cas
343 2239 405 2265 eos,
419 2232 471 2271 qni
489 2242 565 2261 nuno
583 2237 709 2270 propter
725 2230 853 2270 inopiam
876 2241 976 2260 rerum

277 2274 513 2304 necessariarum
526 2274 638 2313 passim
650 2275 886 2304 oberrantobvia
896 2284 977 2312 quae-

277 2327 335 2355 qne
358 2317 553 2353 invastantes,
577 2323 629 2346 aut
651 2317 755 2346 saltem
781 2319 869 2347 urbes
893 2317 978 2346 Asiae

279 2360 399 2389 Graecas
414 2359 442 2388 in
460 2360 626 2389 libertatem
646 2359 860 2389 vindicaveris.
895 2359 960 2399 (vd.
966 2359 980 2398 )

280 2402 391 2432 Mirum
409 2408 466 2436 est,
481 2403 585 2441 plures
605 2405 709 2432 Persas
730 2403 876 2432 Graeciam
896 2403 977 2431 subi-

280 2454 350 2482 gere
380 2445 525 2480 voluisse,
550 2450 683 2475 nostrum
716 2456 789 2475 vero
817 2446 855 2474 de
881 2455 978 2485 expu-

281 2487 398 2524 gnanda
409 2487 483 2517 Asia
492 2488 645 2527 cogitasse
659 2489 817 2518 neminem.
862 2488 914 2517 Illi
927 2499 980 2518 nos

281 2529 360 2558 ultro
374 2529 536 2566 lacessunt,
550 2541 616 2567 nos,
628 2541 663 2560 ne
676 2533 714 2560 de
723 2531 906 2560 vindicanda
916 2531 980 2570 qui·

281 2571 349 2600 dem
365 2573 473 2610 injuria
488 2573 668 2612 cogitamus.
714 2575 762 2603 De
779 2573 912 2603 minutiis
928 2583 979 2614 po-

281 2614 343 2643 tius
359 2614 436 2643 inter
451 2625 505 2644 nos
522 2617 747 2655 belligeramus,
761 2623 790 2646 et
804 2617 875 2646 dum
891 2617 981 2646 redu-

281 2656 388 2686 cendis
404 2657 453 2692 iis,
469 2658 520 2696 qui
536 2669 553 2688 a
568 2669 641 2698 rege
656 2660 843 2695 defecerunt,
859 2669 980 2698 operam

284 2709 436 2734 navamus,
458 2710 516 2729 non
542 2702 820 2737 animadvertimus,
839 2712 892 2731 nos
913 2711 981 2731 oum

283 2741 391 2779 patriis
406 2743 542 2772 hostibus
558 2749 675 2774 nostros
687 2745 816 2783 perdere
825 2749 980 2783 cognatm.

284 2783 351 2824 (νβ’.
358 2784 372 2824 )
396 2785 430 2813 111
447 2789 527 2813 tantu
543 2785 634 2824 igitur
654 2788 830 2817 Graecorum
851 2787 981 2826 ignavia,

285 2831 316 2856 te
335 2831 427 2856 totam
450 2827 608 2861 Graeci-nn,
624 2829 654 2858 in
677 2831 850 2878 emxemplum
871 2840 982 2869 proge-

286 2868 393 2898 nitoris
416 2870 471 2906 tui,
499 2870 625 2908 patriam
651 2871 825 2901 existimare
850 2882 884 2901 ac
912 2872 982 2902 belli

289 2911 401 2942 Persici
418 2912 524 2942 ducem
541 2913 670 2943 evadere
690 2915 789 2944 decet.
833 2914 898 2955 (η’.
904 2914 918 2955 )
941 2915 983 2944 At

287 2954 312 2983 si
328 2955 378 2993 qui
396 2956 523 2985 sortasse
547 2966 593 2985 mc
618 2957 875 2994 reprehenderint,
891 2957 983 2996 quod,

286 3003 388 3028 nostra
411 2998 483 3028 urbe
506 2998 627 3033 omissa,
647 3004 675 3028 te
698 2999 734 3028 ad
759 2999 982 3036 expeditionem

1191 583 1203 601 ²
1225 582 1372 622 ἐπεθέμην
1387 584 1424 614 Α.
1441 585 1475 614 C.
1493 585 1528 614 L.

1001 663 1103 688 contra
1120 660 1262 688 barbaros
1278 660 1358 689 etad
1377 669 1478 689 cnram
1500 660 1593 690 totius
1614 661 1703 689 Gne,

1001 701 1057 730 ciae
1073 701 1295 741 suscipiendam
1307 702 1418 731 hortari
1430 702 1604 739 maluerim3
1618 700 1700 742 (νῖ.)

1001 743 1053 772 isti
1073 754 1136 773 eam
1157 755 1214 773 non
1237 745 1478 782 praetermissam,
1495 745 1548 773 sed
1571 745 1698 782 primum

1002 796 1019 814 a
1032 796 1079 815 me
1094 787 1250 825 impulsam
1264 797 1329 817 esse
1343 788 1450 821 sciant,
1461 793 1567 816 actum
1578 786 1699 816 demum

1002 829 1181 866 neglectam,
1197 840 1300 868 quum,
1321 839 1388 869 quae
1408 840 1425 858 a
1445 839 1493 858 me
1516 830 1699 864 dicerentur,

1001 871 1083 900 illam
1105 872 1203 901 minus
1224 882 1328 902 curare
1348 872 1493 901 viderem.
1539 870 1616 912 (γε’.)
1639 871 1700 900 Co-

1003 914 1082 952 gites
1106 914 1210 952 igitur,
1227 925 1314 952 quam
1337 919 1426 953 turpe
1450 915 1498 949 sit,
1514 913 1618 943 Asiam
1646 913 1699 942 flo-

1003 957 1164 986 rentiorem
1179 967 1248 986 esse
1262 959 1395 995 Europa,
1407 966 1453 991 ac,
1464 956 1514 995 qui
1526 957 1562 985 ad
1576 957 1700 994 Cyrum,

1004 1009 1020 1028 a
1047 1005 1140 1028 matre
1166 1000 1326 1038 abjectum,
1350 1009 1444 1037 genus
1466 998 1610 1034 referunt,
1634 999 1699 1027 Ma-

1005 1051 1080 1079 gnos
1105 1052 1193 1080 reges
1216 1041 1374 1080 appellari,
1397 1041 1542 1071 Herculis
1563 1051 1648 1076 vero,
1669 1040 1700 1069 iu

1004 1084 1128 1112 deorum
1151 1094 1304 1113 numerum
1329 1084 1458 1122 recepti,
1484 1088 1623 1122 posteros
1646 1082 1700 1111 hu-

1005 1126 1173 1155 milioribus
1190 1126 1360 1155 nominibus
1376 1126 1510 1155 salutari.
1555 1123 1642 1166 (vg-¹.)
1658 1123 1702 1154 At

1004 1178 1079 1197 vero
1094 1178 1150 1197 non
1168 1177 1242 1206 opes
1257 1178 1291 1197 ac
1305 1168 1612 1206 potentiam,quarum
1627 1167 1702 1196 satis

1005 1210 1111 1246 habes,
1126 1215 1156 1240 et
1171 1221 1245 1249 quas
1262 1210 1331 1239 vitae
1347 1209 1484 1248 periculo
1503 1219 1637 1248 quaerere
1657 1209 1702 1238 iu-

1006 1253 1169 1292 explebilis
1185 1258 1243 1288 est,
1259 1253 1313 1282 sed
1328 1251 1541 1290 amplissimam
1563 1251 1703 1290 putcher-

1005 1296 1169 1334 rimamque
1208 1294 1345 1334 gloriam,
1375 1296 1460 1333 cujus
1495 1294 1702 1332 adipiscenda!

1006 1348 1096 1368 causa
1110 1343 1141 1367 et
1155 1337 1342 1377 privatorum
1359 1337 1560 1367 honestissimi
1577 1341 1703 1366 mortem

1006 1385 1151 1420 oppetere
1175 1391 1232 1409 nou
1259 1380 1408 1415 dubitant,
1430 1389 1579 1418 quamque
1605 1379 1702 1408 solum

1006 1424 1110 1453 liberis
1139 1428 1223 1452 certo
1250 1423 1418 1460 relinquere
1446 1431 1620 1461 possumus,
1647 1421 1703 1450 tibi

1006 1466 1077 1495 inde
1103 1465 1335 1503 comparandum
1362 1474 1428 1494 esse
1455 1464 1578 1493 suadeo.
1622 1462 1706 1503 (νζ.)

1006 1509 1049 1537 Te
1067 1513 1164 1537 autem
1175 1517 1231 1536 nou
1246 1508 1340 1536 solum
1351 1508 1405 1536 hac
1418 1517 1484 1536 mea
1494 1506 1640 1541 oratione,
1651 1505 1705 1535 sed

1007 1551 1151 1589 majorum
1167 1550 1328 1588 exemplis,
1339 1559 1513 1588 eorumque,
1523 1548 1573 1586 qui
1587 1549 1626 1577 ob
1639 1558 1706 1578 sus-

1007 1599 1124 1631 ceptam
1142 1598 1246 1621 contra
1261 1594 1402 1622 barbaros
1413 1591 1635 1631 expeditionem
1652 1601 1706 1630 pro

1010 1636 1151 1665 semideis
1163 1635 1318 1670 habentur,
1328 1645 1381 1665 uec
1395 1645 1451 1664 non
1464 1633 1649 1673 temporibus
1661 1633 1707 1662 his

1010 1678 1135 1708 excitari
1147 1678 1330 1708 consideres.
1352 1676 1433 1718 (ντί.)
1451 1677 1516 1715 Ego
1527 1686 1706 1714 vero,quum

1010 1721 1120 1756 omnia,
1138 1731 1205 1759 quae
1220 1722 1258 1750 de
1273 1721 1318 1750 his
1339 1722 1429 1750 rebus
1444 1719 1511 1749 dixi
1527 1729 1653 1757 quaeque
1669 1718 1706 1747 ad

1012 1764 1121 1792 bellum
1147 1764 1204 1792 hoc
1228 1763 1397 1797 hortantur,
1411 1762 1555 1801 colligere
1575 1771 1632 1790 nou
1655 1771 1707 1790 va-

1010 1806 1100 1840 leam,
1123 1805 1177 1834 tibi
1201 1806 1306 1835 eadem
1328 1816 1366 1835 ex
1390 1805 1528 1834 omnibus
1550 1803 1708 1841 seligenda

1011 1849 1176 1877 committo.
1201 1846 1282 1888 (116¹.)
1298 1846 1528 1886 Quiimperium
1546 1846 1707 1875 Persarum

1012 1892 1048 1920 ab
1064 1891 1180 1920 humine
1196 1891 1321 1920 barbaro
1337 1890 1530 1919 constitutum
1546 1893 1576 1918 et
1591 1888 1627 1917 ad
1645 1898 1709 1918 ser-

1013 1934 1137 1964 vitutem
1150 1935 1320 1969 conflatum,
1329 1943 1344 1962 a
1355 1933 1420 1962 viro
1430 1933 1537 1961 Graeco
1549 1935 1578 1959 et
1587 1930 1708 1960 bellicis

1012 1976 1041 2005 iu
1059 1978 1147 2006 rebus
1164 1977 1287 2005 rnultum
1303 1975 1480 2010 exercitato,
1494 1984 1547 2012 spe
1560 1972 1708 2002 libertatis

1013 2019 1168 2068 proposita
1188 2018 1316 2047 dissolvi
1339 2028 1429 2056 posse
1451 2021 1572 2054 negant,
1590 2015 1619 2044 in
1644 2025 1708 2045 ma-

1014 2062 1095 2091 ximo
1111 2061 1163 2091 isti
1177 2071 1277 2090 errore
1299 2064 1462 2090 versantur.
1506 2057 1575 2098 (2¹.)
1597 2058 1629 2087 Si
1653 2067 1708 2087 nos

1008 2104 1044 2133 ad
1061 2103 1251 2133 concordiam
1268 2102 1426 2133 reduxeris
1442 2111 1478 2131 ac
1493 2102 1635 2130 barbaros
1653 2100 1708 2129 de-

1008 2147 1179 2180 bellaveris,
1191 2146 1262 2184 quid
1279 2149 1370 2181 vetat,
1384 2154 1474 2184 quum
1491 2144 1570 2173 facta
1582 2148 1631 2172 tua
1645 2151 1707 2172 ma-

1005 2191 1105 2228 jorum
1122 2190 1199 2218 sacta
1210 2190 1272 2227 jam
1287 2193 1417 2226 aequent,
1433 2197 1492 2225 quo
1513 2186 1610 2215 minus
1624 2185 1708 2215 dica-

1009 2242 1086 2266 mus,
1100 2232 1171 2262 talia
1194 2241 1290 2269 neque
1314 2234 1398 2268 gesta
1420 2239 1438 2258 a
1459 2238 1606 2267 quoquam
1630 2237 1709 2263 esse,

1010 2285 1106 2313 neque
1117 2274 1144 2303 in
1157 2278 1310 2312 posterum
1324 2278 1438 2321 gestum
1449 2271 1503 2301 iri?
1526 2269 1617 2311 (ξσῖ.)
1632 2270 1709 2299 Tan-

1012 2317 1061 2346 tali
1086 2327 1172 2355 opes,
1199 2315 1326 2355 Pelopis
1346 2313 1506 2353 imperium
1530 2319 1619 2352 atque
1647 2313 1709 2342 Eu-

1010 2360 1125 2398 rysthei
1148 2359 1311 2398 potentiam
1333 2368 1349 2387 a
1372 2357 1499 2391 nemine,
1517 2366 1615 2406 neque
1635 2365 1709 2394 poe-

1011 2407 1106 2432 tarum
1127 2411 1223 2440 neque
1243 2408 1405 2435 oratorum,
1422 2399 1544 2429 laudata
1563 2397 1711 2432 invenies,

1012 2445 1063 2483 qui
1081 2455 1151 2474 vero
1167 2445 1202 2474 ad
1219 2445 1339 2482 Trojam
1361 2442 1526 2472 militarunt
1547 2450 1712 2478 eorumque

1013 2487 1126 2517 similes
1142 2488 1179 2517 ab
1199 2486 1338 2517 omnibus
1359 2485 1573 2525 praedicantur.
1617 2481 1711 2523 (ἔθ’.)

1013 2530 1115 2569 Atque
1126 2530 1231 2559 eodem
1243 2529 1331 2559 modo
1342 2533 1468 2558 nontam
1481 2525 1710 2557 Atheniensium

1013 2572 1170 2611 imperium
1188 2573 1403 2612 pecuniamque
1423 2580 1440 2599 a
1460 2570 1552 2599 sociis
1572 2571 1710 2598 exactam

1015 2621 1104 2655 atque
1119 2615 1296 2654 potentiam,
1313 2624 1378 2652 quae
1393 2613 1507 2652 saepius
1527 2611 1711 2650 reprehensa

1015 2659 1102 2688 etiam
1120 2664 1198 2693 sunt,
1210 2667 1319 2697 quam
1309 2656 1526 2687 Marathoniam
1540 2662 1668 2693 pugnam
1681 2657 1713 2682 et

1015 2701 1204 2731 Salaminiam
1231 2701 1393 2731 celebrant.
1409 2695 1706 2728 Lacedaemoniorum

1015 2749 1114 2774 autem
1132 2754 1188 2773 non
1209 2742 1363 2776 victorias,
1378 2741 1431 2770 sed
1451 2740 1482 2768 in
1502 2738 1712 2777 Thermopylis

1016 2787 1132 2816 cladem
1162 2786 1353 2815 admirantur.
1399 2781 1491 2823 (ἔν’.)
1520 2780 1562 2811 At
1592 2781 1616 2810 si
1645 2789 1713 2819 quae

1015 2832 1103 2869 pejus
1127 2839 1161 2858 ac
1183 2827 1323 2866 frigidius
1345 2826 1375 2855 in
1399 2826 1454 2854 hac
1473 2824 1608 2853 oratione
1628 2822 1714 2853 diota

1017 2873 1087 2906 sint,
1107 2870 1253 2901 senectuti
1277 2879 1361 2903 meae,
1381 2867 1426 2897 sin
1450 2866 1560 2896 similia
1583 2865 1619 2895 iis
1645 2875 1713 2904 quae

1018 2914 1175 2954 superiore
1198 2918 1334 2951 tempore
1360 2909 1454 2944 edidi.
1474 2910 1600 2939 deorum
1624 2907 1713 2937 alicui

1018 2958 1145 2990 tribuas.
1159 2955 1209 2994 qui
1232 2964 1289 2984 non
1312 2959 1371 2983 tam
1395 2952 1452 2982 mei
1476 2962 1562 2991 quam
1585 2949 1712 2980 Graeciae

1019 3010 1117 3029 curam
1135 2998 1223 3037 gerit,
1233 3003 1261 3027 et
1278 2996 1367 3027 sicuti
1386 2996 1414 3024 in
1431 2995 1509 3029 aliis,
1525 2994 1566 3024 ita
1579 2993 1667 3023 etiam
1684 2993 1713 3022 in
