1924 3314
270 211 296 249 2
640 206 1044 248 HIERONYMUS
1077 205 1349 253 WOLFIUVS

272 328 310 358 et
341 321 609 360 verecundiam
637 322 777 370 ingenii
804 321 994 371 rempubl.
1023 334 1098 357 non
1132 320 1333 369 attigisset,
1366 318 1532 356 celebris
1565 323 1602 354 et
1627 327 1710 365 gra-

271 382 391 420 tiosus
422 383 516 420 fuit:
547 389 582 419 et
613 383 817 433 plerasque
847 382 1035 419 orationes
1065 382 1122 418 vel
1150 381 1198 418 ad
1228 381 1412 417 maximas
1431 379 1598 416 Graeciae
1618 377 1711 413 civi-

272 450 368 480 tates
386 443 445 479 vel
465 443 512 480 ad
530 456 635 492 reges
652 449 690 480 et
703 443 896 492 principes
917 442 1084 491 scripsit.
1140 441 1401 484 Quamobrem
1421 438 1708 477 lucubrationes

271 502 355 550 ejus
392 508 431 539 et
469 502 611 552 scripta
640 502 863 540 suavissima
892 507 1009 549 atque
1047 500 1310 544 saluberrima,
1342 512 1418 535 non
1449 498 1709 535 studiosorum

271 562 460 601 duntaxat
486 564 681 602 hominnm
703 564 882 609 lectione,
901 563 969 600 sed
991 575 1122 610 regum
1144 563 1260 599 etiam
1289 569 1328 599 et
1347 560 1564 611 principum
1593 558 1631 595 in
1650 570 1708 594 re-

269 623 427 673 publica
442 625 606 662 virorum
625 624 842 673 cognitione
858 624 974 672 digna
994 628 1104 666 sunt3
1127 623 1243 660 modo
1256 622 1324 667 illi,
1339 622 1421 659 aliis
1441 619 1709 670 occupationi-

271 684 340 720 bus
374 690 412 721 et
453 685 779 722 oblectationibus
829 683 1022 733 paulisper
1071 683 1235 729 omissis,
1275 683 1502 732 sapientium
1546 681 1709 718 virorum

268 743 438 791 legendis
468 743 712 780 monimentis
741 743 886 792 aliquid
915 743 1100 793 temporis
1134 742 1331 792 impertire
1360 743 1408 780 ad
1440 742 1645 779 utilitatem
1672 745 1712 777 et

268 815 372 840 suam
393 809 432 840 et
457 804 615 841 aliorum
643 803 906 853 dignarentur.
966 806 1097 853 Atque
1125 803 1209 841 haec
1231 803 1280 841 de
1307 802 1383 841 vita
1403 803 1487 852 ejus
1518 801 1710 840 delibasse

269 864 380 901 nobis
400 866 491 901 satis
513 865 585 902 sit:
617 872 757 902 caetera
778 878 798 901 e
822 865 898 901 suis
918 871 1100 914 petantur
1119 863 1356 901 auctoribus.

322 925 458 962 Genus
490 925 672 962 orationis
706 938 963 970 numerosum,
994 936 1147 974 purum,
1169 930 1210 961 et
1239 929 1429 969 ornatum,
1458 920 1709 961 delectationi

270 985 440 1023 lionestae
460 993 499 1022 et
522 986 756 1035 ingeniorum
776 986 940 1023 culturae
961 985 1080 1035 magis
1097 991 1155 1022 est
1176 997 1291 1035 quam
1308 984 1450 1022 forensi
1471 982 1710 1022 contentioni

269 1047 613 1084 accommodatum.
670 1046 791 1095 Cujus
822 1047 987 1084 suavitas
1019 1054 1057 1084 et
1085 1047 1287 1096 elegantia,
1315 1059 1386 1084 nee
1407 1059 1427 1083 e
1449 1058 1531 1083 mea
1549 1056 1709 1083 conver-

270 1106 374 1143 sione
395 1110 525 1155 (quam
555 1107 636 1157 ipse
670 1107 798 1143 limavi
830 1107 986 1157 quidem
1020 1114 1060 1144 nt
1088 1107 1212 1157 potui,
1239 1107 1305 1144 sed
1338 1107 1452 1157 longe
1480 1106 1709 1144 ornatiorem

268 1179 348 1204 esse
365 1166 536 1213 vellem),
559 1180 628 1204 nec
652 1167 809 1205 sortasse
826 1167 1054 1218 cujusquam
1075 1168 1233 1205 alterius
1248 1167 1413 1217 perspici
1434 1171 1575 1216 potest.
1623 1167 1714 1203 Sen-

270 1228 398 1265 teutiae
430 1232 543 1278 (quas
576 1243 634 1267 me
663 1237 701 1267 et
728 1230 1193 1280 perspicue‘explicasse‚
1221 1234 1261 1266 et
1287 1228 1364 1266 fide
1385 1228 1533 1279 optima
1565 1239 1711 1278 appen-

269 1287 369 1325 disse
399 1289 572 1337 confido)
604 1290 641 1327 in
669 1303 714 1327 eo
747 1291 889 1340 passim
919 1290 1153 1340 gravissimae
1187 1295 1289 1335 sunt,
1309 1296 1385 1326 tam
1415 1288 1712 1339 philosophicae,

270 1361 383 1397 quam
411 1349 458 1387 ad
480 1351 593 1387 vitam
622 1350 772 1388 civilem
804 1351 1054 1401 pertinentes,
1112 1352 1239 1388 Docet
1260 1350 1447 1388 rationem
1468 1349 1712 1387 studiorum:

267 1411 334 1447 dat
353 1411 532 1460 gerendae
564 1412 730 1462 reipubl.
751 1420 976 1463 praecepta:
1006 1419 1045 1450 et
1073 1411 1288 1462 imperandi
1306 1417 1344 1450 et
1363 1410 1525 1461 parendi
1543 1410 1716 1460 discipli-

267 1483 353 1508 nam
375 1472 513 1510 tradit:
545 1480 651 1511 recte
681 1472 784 1512 facta
811 1472 1015 1524 magnifice
1046 1479 1226 1512 exornat:
1256 1480 1568 1523 argumentorum
1588 1471 1713 1523 gravi-

267 1536 384 1568 tatem
405 1533 636 1572 suavissimae
667 1534 852 1573 orationis
873 1534 1136 1573 concinnitate
1166 1535 1275 1584 quasi
1293 1535 1428 1572 condit
1447 1541 1487 1572 et
1505 1534 1713 1578 demulcet,

270 1598 406 1630 utnon
428 1594 498 1631 abs
524 1607 565 1633 re
590 1595 718 1633 Attica
752 1596 860 1633 Siren
890 1594 1005 1632 fuerit
1032 1595 1264 1645 appellatus.
1321 1596 1451 1638 Quum
1478 1593 1593 1643 igitur
1622 1593 1715 1630 utile

269 1653 372 1692 dulci
394 1656 602 1701 miscuerit,
624 1670 696 1694 nec
720 1663 867 1695 tantum
890 1657 1045 1702 doceat,
1077 1656 1144 1694 sed
1164 1662 1316 1695 moveat
1335 1657 1450 1694 etiam
1469 1664 1508 1694 et
1529 1656 1715 1701 delectet,

267 1728 378 1754 omne
398 1717 530 1755 tulisse
563 1726 762 1768 punctum,
783 1724 825 1755 ut
853 1718 906 1755 ait
935 1718 1137 1763 Horatius,
1157 1717 1280 1755 videri
1313 1724 1459 1768 potest,
1479 1723 1518 1755 et
1536 1716 1715 1755 omnibus

267 1776 476 1817 honestatis
501 1786 540 1815 et
569 1778 802 1826 eloquentiae
834 1778 1017 1816 studiosis
1049 1791 1166 1829 quam
1198 1778 1715 1817 commendatissimusesse

265 1835 394 1874 debet.
450 1838 694 1876 Instruentur
723 1839 822 1876 enim
849 1838 912 1876 hic
949 1845 1028 1877 tum
1059 1844 1166 1877 recte
1196 1839 1388 1877 sentiendi
1414 1847 1495 1876 tum
1524 1839 1623 1877 bene
1657 1838 1716 1876 di-

265 1898 379 1934 cendi
415 1903 454 1936 et
483 1899 695 1949 praeceptis
730 1905 771 1936 et
807 1899 1085 1950 copiosissimis
1131 1899 1168 1937 in
1209 1900 1311 1938 omni
1341 1913 1482 1950 genere
1512 1911 1714 1938 causarum

265 1958 462 2008 exemplis.
519 1959 621 1996 Illud
649 1964 777 1997 tamen
807 1960 989 1998 monendi
1010 1966 1100 1998 sunt
1126 1960 1316 2004 rudiores,
1338 1960 1377 1996 in
1407 1960 1645 1998 orationibus
1663 1959 1714 1998 ad

265 2018 558 2055 ostentationem
589 2024 629 2055 et
654 2018 955 2056 delectationem
982 2020 1137 2069 scriptis
1169 2020 1351 2068 quaedam
1380 2020 1441 2058 vel
1472 2020 1621 2058 laudari
1655 2021 1716 2058 vel

266 2078 435 2122 defendi,
457 2091 544 2127 quae
565 2077 604 2115 in
623 2079 831 2128 praeceptis
848 2084 887 2116 et
906 2078 1085 2116 doctrina
1103 2092 1252 2117 morum
1274 2080 1540 2130 improbentur
1559 2087 1598 2118 et
1616 2080 1718 2120 vitu-

266 2144 469 2190 perentur;
504 2137 635 2187 itaque
664 2138 728 2175 illa
747 2151 831 2176 non*
853 2151 937 2176 esse
967 2139 1165 2177 imitanda.
1222 2139 1364 2190 Neque
1393 2141 1494 2179 enirn
1523 2140 1577 2179 ita
1597 2141 1716 2179 sensit

266 2201 472 2244 Isocrates,
507 2199 574 2236 sed
605 2211 732 2236 causae
770 2200 985 2252 propositae
1021 2200 1173 2245 serviit;
1217 2200 1362 2252 illaque
1399 2201 1537 2240 ludens
1570 2201 1714 2252 potius,

267 2273 383 2310 quam
404 2259 501 2298 serio
522 2259 696 2309 scripsit:
717 2273 843 2310 neque
863 2260 962 2298 adeo
981 2260 1053 2298 suit
1073 2261 1298 2308 obliviosus,
1320 2268 1362 2299 ut
1381 2275 1459 2300 non
1473 2262 1713 2301 animadver-

268 2326 365 2358 teret
384 2333 430 2358 ea
450 2320 655 2370 praeceptis
678 2320 754 2357 suis
787 2327 826 2359 et
853 2321 1022 2359 consiliis
1052 2334 1127 2359 non
1155 2335 1240 2359 esse
1273 2329 1557 2366 consentanea;
1587 2336 1714 2373 neque
1737 2355 1739 2357 .

268 2381 416 2431 putavit
437 2393 656 2431 quenquam
676 2380 759 2419 sore
781 2388 855 2419 tam
873 2381 1046 2420 hebetem
1064 2390 1182 2433 atque
1202 2383 1390 2434 ineptum,
1413 2391 1453 2423 ut
1472 2384 1523 2423 ab
1539 2385 1713 2425 oratione

265 2442 538 2492 philosophica
557 2442 878 2481 declamationem
901 2444 1105 2482 oratoriam
1123 2458 1201 2483 non
1218 2444 1474 2485 discerneret.

320 2504 528 2542 Orationes
549 2503 634 2554 ejus
662 2504 712 2543 ad
742 2510 912 2543 nostram
938 2512 1091 2544 aetatem
1119 2514 1375 2556 pervenerunt
1406 2520 1481 2545 una
1507 2513 1548 2546 et
1565 2507 1715 2558 viginti,

267 2577 354 2615 quae
374 2566 411 2603 in
432 2570 599 2615 quatuor
611 2566 751 2604 classes
764 2565 942 2604 distribui
961 2573 1137 2616 possunt,
1154 2567 1227 2605 hoc
1243 2567 1374 2606 modo.
1417 2568 1557 2607 Primae
1578 2569 1712 2616 classis

268 2631 356 2663 sunt
374 2624 655 2664 admonitiones
675 2631 769 2671 tres,
788 2639 854 2664 seu
874 2627 1157 2677 praeceptiones
1175 2627 1223 2665 de
1245 2627 1402 2666 officiis:
1426 2633 1646 2680 παραίνεσις
1663 2630 1713 2668 ad

267 2686 537 2731 Demonicnm,
567 2687 615 2724 ad
638 2687 853 2732 Nicoclem,
883 2687 1068 2726 Nicocles
1086 2687 1167 2726 sive
1188 2687 1513 2739 συμβουλευτικός.
1531 2689 1604 2728 etsi
1623 2702 1716 2728 non-

267 2745 364 2784 nulli
380 2747 534 2785 codices
550 2760 751 2798 perperam
765 2748 951 2799 scriptum
973 2749 1116 2787 habent
1134 2751 1384 2802 συμμαχικὸς,
1405 2764 1495 2800 quae
1510 2751 1713 2801 inscriptio

267 2807 314 2844 ad
335 2809 547 2846 orationem
575 2809 624 2847 de
654 2809 753 2847 Pace
773 2811 953 2859 pertinet.
1011 2811 1083 2849 Hae
1104 2811 1237 2849 referri
1265 2817 1429 2863 possunt
1446 2812 1495 2851 ad
1522 2823 1642 2861 genus
1668 2812 1726 2852 Bes

268 2868 434 2907 ἓακτικὸν
453 2872 474 2914 ἢ
496 2870 751 2909 διδασκαλικὸν
769 2873 828 2908 καὶ
841 2871 1078 2917 ἐξεταστικὸν,
1101 2884 1176 2910 non
1195 2873 1275 2910 sine
1293 2885 1409 2912 causa
1425 2872 1574 2910 coeleris
1588 2871 1711 2910 tribus

270 2942 464 2971 causarum
487 2933 690 2983 generibus
721 2933 768 2971 ab
791 2933 997 2971 Aristotele
1028 2933 1216 2978 additum,
1240 2936 1347 2983 quod
1376 2935 1414 2971 in
1441 2932 1545 2971 omni
1565 2932 1712 2971 liberali
