1924 3314
695 492 1072 548 TABULA

371 658 616 698 EORUM
686 658 833 703 QUAE
888 654 1401 695 CONTINENTUR

863 793 912 823 IN

616 912 820 954 TOMO
865 909 1160 952 TERTIO‘

1591 1077 1624 1227 zet-“F

156 1129 446 1185 Hieronymus
462 1127 652 1169 Wolfius
676 1127 728 1169 de
748 1127 853 1169 Vita
872 1127 1093 1177 Isocratis,
1113 1131 1197 1167 etc.
1234 1156 1242 1164 .

156 1195 335 1238 Henrici
357 1194 567 1250 Stephani
589 1194 631 1235 in
651 1194 888 1236 Isocratem
912 1193 1126 1235 Diatribae

1571 1259 1592 1282 Γ

1568 1273 1594 1299 Ca

1603 1259 1620 1301 ..-

156 1260 262 1337 Περὶ
288 1260 569 1338 Ἰσοκράτους
594 1260 643 1313 ἐκ
670 1261 749 1313 τοῦ
776 1261 1020 1320 Πλάτωνος
1101 1301 1111 1312 .

155 1344 261 1421 Περὶ
287 1343 575 1413 Ἰσοκράτους
601 1344 650 1396 ἐκ
680 1343 908 1396 Διονυσίου
938 1344 1015 1396 τοῧ
1038 1340 1429 1410 Ἁλικαρνασσέως
1497 1377 1509 1388 .
1568 1349 1621 1392 51

156 1427 261 1504 Περὶ
285 1429 567 1496 Ἰσοκράτους
594 1426 643 1480 ἐκ
671 1428 749 1480 τοῧ
776 1427 1018 1480 Λουκιανοῦ
1099 1467 1109 1477 .
1231 1466 1242 1477 .
1364 1464 1376 1476 .
1497 1462 1507 1473 .
1568 1435 1625 1477 69

155 1510 261 1587 Περὶ
280 1508 564 1585 Ἰσοκράτους
591 1509 639 1562 ἐκ
668 1513 745 1562 τοῦ
773 1508 1029 1562 Παυσανίου
1103 1550 1114 1562 .
1235 1549 1246 1560 .
1366 1546 1377 1557 .
1500 1544 1512 1556 ·
1570 1522 1626 1564 69

157 1592 262 1670 Περὶ
288 1592 571 1668 Ἰσοκράτους
596 1591 644 1645 ἔκ
672 1593 751 1645 τοῦ
775 1592 1088 1668 Φιλοστράτου
1165 1651 1169 1654 .
1229 1631 1240 1644 .
1366 1628 1376 1640 ·
1498 1629 1508 1639 ·
1569 1602 1626 1644 70

157 1673 262 1751 Περὶ
289 1674 572 1742 Ἰσοκράτους
598 1673 648 1726 ἔκ
677 1677 754 1726 τοῦ
782 1673 976 1727 Αἶλιινοῦ
1101 1718 1111 1730 .
1232 1713 1246 1726 .
1367 1713 1376 1723 .
1500 1708 1513 1722 .
1570 1687 1622 1727 71

154 1755 260 1826 Περὶ
286 1756 570 1826 Ἰσοκράτους
596 1755 645 1809 ἐκ
673 1757 751 1809 τοῧ
772 1757 1075 1826 Πλουτάρχου
1235 1754 1252 1806 J
1367 1794 1379 1806 .
1501 1794 1511 1805 .
1571 1769 1629 1811 72

162 1838 267 1916 Περὶ
291 1839 578 1917 Ἰσοκράτους
604 1838 653 1892 ἔκ
681 1839 760 1892 τοῦ
785 1839 960 1892 Φωτιόυ
1009 1881 1020 1892 .
1106 1880 1117 1891 .
1236 1879 1247 1891 .
1372 1857 1380 1865 ·
1503 1878 1514 1889 .
1572 1853 1628 1894 76

163 1920 269 1992 Περὶ
295 1922 580 1999 Ἰσοκράτους
600 1923 649 1975 ἔκ
678 1925 757 1975 τοῦ
779 1919 962 1986 Σουΐὸα,
990 1946 1038 1975 κ.
1067 1946 1114 1975 τ.
1143 1936 1188 1973 λ.
1240 1961 1250 1972 .
1371 1960 1381 1970 .
1506 1960 1515 1971 .
1576 1936 1627 1978 81

547 2164 978 2209 ῙΣΟΚΡΑΤΟῪΣ
1022 2163 1246 2208 ΛΟΓΟΙ.

192 2285 252 2326 Α.
280 2273 563 2341 Ἰσοκράτους
588 2275 694 2341 πρὸς
721 2275 967 2343 Δημόνικον
993 2272 1262 2347 Παραίνεσις
1375 2310 1387 2322 .
1509 2310 1520 2322 .
1579 2288 1632 2329 87

190 2367 243 2409 Β.
272 2356 552 2432 Ἰσοκράτους
578 2357 685 2431 πρὸς
710 2356 950 2408 Νικοκλέα
978 2395 988 2405 .
1110 2394 1124 2407 .
1244 2394 1255 2407 .
1375 2392 1388 2405 .
1508 2393 1520 2405 .
1553 2370 1634 2412 112

192 2449 249 2491 Γ.
278 2436 559 2507 Ἰσοκράτους
585 2439 817 2500 Νικοκλῆς
846 2477 857 2490 .
976 2478 989 2489 .
1109 2479 1118 2488 .
1242 2478 1253 2488 .
1375 2477 1386 2487 .
1507 2476 1519 2487 .
1553 2451 1638 2492 135

190 2531 255 2574 Δ.
282 2521 564 2596 Ἰσοκράτους
589 2521 894 2596 Πανηγυρικός
936 2560 947 2571 .
1108 2560 1117 2571 .
1241 2560 1252 2571 .
1374 2560 1385 2571 .
1509 2559 1519 2570 .
1553 2533 1636 2576 166

192 2614 248 2656 Ε.
277 2601 555 2678 Ἰσοκράτους
580 2602 689 2680 προς
715 2603 965 2656 Φίλιππον
1015 2643 1029 2661 ,
1112 2644 1123 2655 .
1243 2642 1256 2655 .
1377 2642 1388 2654 .
1511 2642 1522 2653 .
1551 2618 1638 2660 249

189 2711 235 2748 ς.
277 2685 562 2763 Ἰσοκράτους
587 2684 865 2762 Ἀρχίδαμος
981 2728 992 2739 .
1086 2686 1123 2739 a.
1244 2728 1255 2739 .
1375 2728 1386 2739 .
1511 2727 1522 2739 .
1551 2701 1638 2743 292

191 2782 251 2823 Z.
280 2770 562 2847 Ἰσοκράτους
587 2771 961 2848 Ἀρεοπαγιτικὸς
1109 2814 1120 2824 .
1243 2811 1254 2823 .
1377 2812 1390 2824 .
1510 2809 1522 2821 .
1551 2787 1639 2828 335

190 2864 250 2906 Η.
280 2853 567 2931 Ἰσοκράτους
593 2852 690 2929 περὶ
718 2853 891 2930 Εἶρήνης
979 2895 989 2906 .
1112 2894 1123 2906 .
1243 2896 1255 2908 .
1379 2893 1391 2906 .
1512 2895 1523 2905 .
1552 2862 1650 2912 399”

187 2947 243 2990 Θ.
278 2936 565 3014 Ἰσοκράτους
593 2937 832 3014 Εὐαγόρας
977 2979 986 2989 .
1110 2976 1122 2990 .
1243 2979 1253 2990 .
1378 2978 1388 2989 .
1511 2975 1523 2987 .
1552 2953 1638 2996 438

199 3026 240 3072 Ῑ.
283 3022 565 3098 Ἰσοκράτους
591 3020 768 3085 Ἑλένης
794 3021 1044 3094 Ἐ’γκάμιον
1114 3064 1124 3075 .
1247 3062 1258 3072 ·
1381 3062 1391 3072 ·
1513 3062 1524 3074 ο
1554 3040 1638 3082 463
