1914 3314
738 203 821 244 AD
855 203 1226 245 ISOCRATEM.

278 315 475 346 Callistratus
490 316 610 346 urbium
624 316 775 348 conditor.
790 320 865 350 409.

279 359 427 395 Caranus,
445 369 523 389 unus
538 361 715 390 Graecorum
736 361 873 399 pericula
887 365 990 399 tyran-

323 402 404 431 nidis
414 401 534 441 effugit,
545 403 668 442 vitaque
678 413 827 442 prospere
841 407 992 433 transacta

323 454 449 484 regnum
467 445 532 474 suis
547 445 683 484 reliquit.
699 447 773 475 280.

283 485 380 517 Cares
403 487 518 517 insulas
545 487 656 528 (maris
680 486 796 528 AEgaei)
819 492 992 517 tenuerunt.

282 571 550 611 Carthaginienses
562 571 645 602 domi
659 571 866 611 eligarchiam‚
877 571 996 601 militiae

325 615 531 644 monarchiam
543 619 706 645 sectantur.
717 617 790 646 142.
807 614 995 645 iidem.305.

328 667 394 696 seq.

284 699 405 734 Castor,
415 698 572 738 Tyndarei
588 699 676 729 tilius.
693 701 768 730 299.
794 699 921 729 Helenae
937 699 997 728 fra-

329 745 386 771 ter.
410 743 489 773 469.
518 743 629 772 Castor
652 748 683 771 et
709 742 836 778 Pollux,
869 743 999 772 Helenae

329 784 453 820 fratres,
467 785 571 815 lucida
586 785 698 814 sidera.
714 787 790 816 479.

284 826 422 867 Cecrops
440 828 586 858 masculis
606 827 715 857 liberis
738 829 830 857 orbus
852 828 998 858 decessit.

290 911 437 942 Centauri
457 912 653 944 bimembres.
666 915 742 943 471.
763 923 867 943 eorum
889 923 1000 953 pugna.

288 998 431 1038 Cercyon
445 998 524 1028 latro
540 1007 558 1026 a
569 997 690 1027 Theseo
705 997 893 1028 interfectus.
911 1000 987 1028 472.

288 1043 395 1076 Ceres,
411 1041 441 1070 in
463 1040 620 1070 erroribus
642 1040 717 1076 suis,
734 1046 823 1080 rapta
836 1051 929 1079 quum
945 1041 1003 1071 sibi

333 1088 417 1115 esset
445 1083 507 1113 filia
531 1083 734 1122 Proserpina,
759 1084 1004 1114 Atheniensibus

331 1128 373 1157 ob
389 1131 518 1165 accepta
532 1125 681 1156 beneficia
693 1126 796 1166 fruges
811 1131 842 1156 et
856 1126 1003 1166 mysteria

334 1170 441 1199 donat.
458 1170 533 1199 179.

291 1212 525 1251 CersoblepteS.
542 1213 618 1243 409.

292 1257 430 1295 Ceryces
451 1253 582 1295 (familia
598 1264 684 1283 sacra
705 1253 734 1283 iu
756 1253 923 1284 Eleusiniis
939 1265 1004 1294 my-

336 1297 441 1328 steriis
463 1306 636 1336 praeconum
654 1307 778 1326 munere
794 1296 938 1336 fungens)
952 1307 1005 1326 no-

336 1341 419 1371 mine
432 1339 686 1378 Eumolpidarum
704 1339 838 1376 edicunt,
853 1345 886 1370 ut
901 1341 1006 1370 Persae

337 1383 445 1423 procul
463 1382 534 1412 sint.
552 1384 626 1412 235.

295 1426 464 1462 Charicles,
478 1424 569 1454 Tisiae
585 1424 688 1454 affinis.
708 1426 782 1457 683.

294 1468 364 1499 Chii
390 1479 444 1498 eos
465 1467 666 1498 reddiderunt
688 1469 876 1507 superiores,
895 1467 1007 1507 quibus

337 1511 485 1541 auxilium
503 1510 649 1540 tulerunt.
667 1513 742 1542 224.
758 1512 832 1542 590.

295 1555 410 1589 Cittus,
426 1552 569 1584 Pasiouis
586 1553 729 1583 mensarii
747 1565 832 1593 puer.
849 1555 922 1586 691.

297 1598 474 1629 Clearchus.
493 1597 566 1627 275.
584 1607 602 1626 a
618 1595 724 1626 Persis
745 1597 893 1627 insidiose
915 1597 1008 1626 inter-

339 1641 450 1670 fectus.
468 1640 542 1669 276.
563 1643 632 1669 ante
655 1640 887 1677 expeditionem
903 1639 934 1668 in
951 1640 1009 1669 Ar-

339 1687 517 1717 taxerxem,
532 1681 607 1720 Cyri
630 1682 758 1712 minoris
781 1683 916 1717 fratrem,
934 1692 1009 1712 nun-

339 1736 429 1765 quam
446 1729 516 1755 ante
533 1724 703 1754 exercitum
716 1725 814 1755 duxit.
830 1727 903 1755 277.
928 1725 1010 1754 nulla

338 1779 372 1799 re
395 1778 483 1807 quam
508 1766 634 1797 interitu
656 1767 686 1796 in
703 1768 781 1797 Asia
802 1769 915 1797 clarus.
931 1768 1006 1797 ibid.

338 1813 409 1850 ejus
436 1815 466 1840 et
494 1809 629 1849 Philippi
658 1811 781 1841 Maced.
807 1811 1007 1849 comparatio.

340 1854 418 1884 ibid.
440 1853 533 1883 idem.
550 1856 624 1885 529.
647 1853 800 1883 Timothei
822 1859 919 1892 pater,
942 1853 1007 1883 1⁵0-

341 1897 435 1926 cratis
449 1895 630 1936 discipulus.
645 1897 720 1926 771.

300 1938 480 1975 Cleommis‚
503 1939 694 1979 Methymnae
717 1939 873 1978 princeps,
896 1939 1009 1978 probus

343 1988 374 2012 et
389 1981 525 2021 prudens
543 1981 600 2011 vir.
616 1983 692 2011 770.

300 2024 474 2056 Clisthenes
491 2023 613 2053 Solonis
629 2023 845 2054 democratiam
863 2023 1010 2053 restituit.

344 2068 418 2099 351.
443 2066 617 2097 Alcibiadis
635 2078 653 2096 a
669 2070 764 2096 matre
788 2076 933 2105 proavus,
954 2077 1010 2105 po-

343 2111 449 2150 pulum
472 2109 689 2139 Atheniensem
712 2120 728 2138 a
749 2109 885 2148 tyrannis
903 2109 1012 2148 expul-

345 2163 412 2183 sum
429 2153 538 2191 ejectis
551 2152 686 2192 tyrannis
703 2152 828 2181 reduxit
843 2157 874 2182 et
890 2151 1011 2181 Solonis

345 2195 564 2226 democratiam
587 2194 735 2235 restituit,
759 2205 819 2233 qua
844 2195 1012 2224 Athenien-

346 2239 425 2269 sium
441 2239 572 2276 majores
588 2237 692 2267 Persis
710 2237 911 2276 omnibusque
927 2239 1012 2267 Grae—

347 2281 394 2312 cis
411 2280 590 2321 superiores
605 2285 780 2310 evaserunt.
797 2282 869 2311 679.

303 2325 410 2356 Conon
429 2334 448 2354 a
467 2323 633 2353 Persarum
643 2322 784 2362 'satrapis
803 2323 1014 2362 interemptus.

347 2369 422 2398 233.
436 2365 519 2405 regis
537 2367 699 2395 Persarum
716 2366 780 2395 dux
796 2365 827 2395 in
842 2366 926 2396 bello
943 2365 1015 2395 Cni-

347 2410 428 2440 dieo.
445 2410 520 2440 226.
546 2409 612 2447 ejus
638 2408 777 2438 virtutes.
805 2408 880 2438 ibid.
905 2409 934 2438 in
960 2418 1013 2446 pa-

347 2452 435 2482 triam
452 2451 582 2481 reditus.
602 2453 674 2481 968.
698 2456 824 2489 accepta
844 2451 873 2480 in
894 2451 1017 2481 Helles-

347 2499 443 2535 ponto
474 2494 561 2523 clade
589 2494 723 2540 Cyprum
755 2493 890 2533 navigat,
922 2498 1013 2532 atque

350 2539 512 2568 Persarum
532 2545 603 2575 rege
624 2537 747 2575 adjutus
764 2535 1014 2566 Lacedaemonios

350 2580 455 2616 vincit,
470 2579 680 2618 hegemonium
704 2583 734 2608 et
761 2579 895 2617 priscum
919 2580 1015 2609 decus

351 2623 458 2663 patriae
481 2621 625 2652 restituit.
646 2621 721 2650 ibid.
740 2621 833 2651 idem.
848 2623 921 2652 347.
946 2632 1001 2660 po
990 2626 1016 2650 t

352 2668 418 2705 ejus
442 2665 602 2694 victoriam
623 2663 824 2693 Athenienses
848 2664 939 2693 maris
961 2665 1016 2693 irn-

352 2709 470 2751 perium
484 2711 674 2746 recuperant.
687 2707 761 2737 385.
783 2707 933 2745 Evagorae
946 2712 1018 2745 post

352 2754 452 2790 fugam
475 2761 491 2780 e
515 2750 719 2788 Hellesponto
736 2749 891 2779 familiaris
907 2750 1016 2778 sactus.

353 2797 429 2825 454.
458 2792 605 2823 Isocratis
632 2792 800 2826 familiaris,
824 2793 862 2822 de
890 2792 1017 2821 Mutile-

354 2838 428 2866 naeis
447 2837 523 2865 bene
540 2834 664 2864 meritus
680 2839 735 2864 est.
753 2836 828 2863 774.

310 2879 537 2910 Corinthiacum
556 2878 666 2907 bellum
688 2878 727 2906 ob
743 2877 954 2906 Thebanorum
975 2877 1018 2906 in-

355 2922 514 2951 solentiam
539 2926 648 2951 ortum.
669 2921 743 2949 589.
768 2919 931 2955 Corinthii,
954 2920 1018 2948 nul-

354 2965 402 2994 lus
417 2963 559 2994 momenti
576 2963 719 3003 populus.
732 2964 806 2994 318.

311 3006 511 3047 Cresphontis
537 3006 601 3041 filii,
626 3010 710 3045 patre
737 3005 852 3041 occiso,
881 3005 1021 3034 Laos-dm-

1651 200 1730 240 871

1068 328 1184 347 monem
1211 316 1404 356 confugiunt,
1432 314 1735 353 Lacedaemoniisque

1068 360 1234 390 Messenen
1257 361 1391 395 tradunt,
1413 369 1473 398 quo
1487 358 1532 388 illi
1557 358 1662 389 urbem
1681 367 1735 387 ex-

1068 407 1215 441 pugnant.
1231 404 1304 432 300.

1027 445 1161 484 Cycnus,
1175 444 1316 483 Neptuni
1333 444 1422 473 filius.
1437 446 1510 474 477.

1027 487 1182 526 Cyrenaei,
1199 487 1499 516 Lacedaemoniorum
1519 484 1628 521 coloni.
1643 485 1718 515 254.

1028 531 1111 569 Cyro
1127 530 1267 569 (minori)
1281 535 1400 559 mortuo
1416 539 1519 558 omnes
1534 528 1616 557 Asiae
1629 527 1737 557 incolae

1073 573 1228 602 confluunt
1244 573 1281 601 ad
1298 572 1551 611 exstinguendum
1570 572 1635 609 ejus
1649 579 1738 599 exer-

1073 614 1178 644 citum.
1203 617 1278 645 228.
1299 614 1373 654 Κύςῳ
1395 613 1600 647 summam-req
1625 614 1738 643 Persas

1076 657 1237 687 interiores
1254 658 1390 686 vincunt.
1401 659 1475 688 229.
1492 656 1593 696 Cyrus
1608 654 1740 696 (major)

1076 711 1091 730 a
1113 705 1209 730 matre
1225 700 1255 729 in
1273 700 1352 730 viam
1369 701 1518 738 abjectus,
1534 703 1565 728 et
1584 710 1601 728 a
1616 697 1740 728 Persica

1075 743 1203 773 muliere
1221 743 1372 777 sublatus,
1386 743 1478 772 totius
1498 741 1582 771 Asiae
1598 740 1740 770 dominus

1077 787 1175 815 sactus
1200 790 1258 816 est.
1281 787 1353 816 269.
1370 787 1444 816 286.
1470 785 1571 824 Cyrus
1592 781 1739 824 (minor).

1078 831 1151 859 275.
1175 838 1317 858 successu
1344 828 1441 858 elatus
1466 828 1494 857 iu
1522 825 1742 865 persequendis

1077 871 1217 900 hostibus
1244 875 1357 901 temere
1385 870 1488 909 periit.
1512 869 1587 899 ibid.
1615 869 1682 906 ejus
1712 872 1742 897 et

1079 913 1221 945 Clearchi
1237 913 1392 943 exercitus
1410 914 1572 942 Persarum
1591 909 1743 950 regis'co-

1077 956 1145 995 pias
1166 956 1277 995 quovis
1296 956 1408 995 proelio
1427 956 1580 994 fugarunt.
1596 954 1673 983 ibid.
1697 964 1745 982 re·

1078 1000 1137 1029 bus
1167 999 1268 1039 potiti,
1297 998 1373 1037 Cyri
1403 998 1574 1028 temeritate
1603 996 1745 1026 infelices

1079 1043 1176 1072 fuere.
1193 1042 1267 1071 ibid.
1290 1043 1415 1071 Graecos
1432 1041 1461 1070 iu
1479 1039 1577 1070 Asia
1570 1039 1702 1068 mimicis
1696 1037 1745 1067 si-

1079 1095 1146 1114 mos
1173 1085 1345 1114 habueruut
1370 1084 1409 1113 ob
1441 1081 1639 1122 δεκαδαρχίας.
1671 1082 1745 1111 277.

1080 1126 1156 1167 Cyri
1171 1126 1328 1167 (majoris)
1339 1125 1453 1164 posteri
1469 1125 1577 1164 Magni
1592 1133 1682 1163 reges
1699 1122 1746 1152 di-

1081 1174 1199 1199 cuntur.
1209 1171 1283 1199 286.
1298 1168 1462 1208 imperium
1476 1178 1493 1197 a
1507 1167 1611 1197 Medis
1619 1167 1656 1196 ad
1669 1167 1744 1195 Per-

1083 1222 1132 1242 sas
1153 1212 1306 1241 transfert.
1322 1214 1395 1243 450.
1419 1211 1555 1249 ejusdem
1578 1219 1646 1239 eum
1666 1210 1745 1238 Eva-

1083 1264 1156 1294 gora
1179 1253 1379 1293 comparatio.
1396 1253 1474 1283 ibid.
1499 1254 1599 1292 Cyrus
1620 1250 1748 1292 (minor)

1081 1307 1150 1327 cum
1171 1298 1263 1327 fratre
1279 1297 1318 1326 de
1333 1307 1427 1335 regno
1449 1295 1635 1325 contendens
1651 1298 1747 1323 teme-

1083 1340 1172 1370 ritate
1189 1350 1254 1376 sua,
1267 1350 1326 1369 non
1342 1350 1374 1369 se
1389 1339 1488 1378 ipsum
1508 1338 1598 1367 modo
1617 1336 1747 1375 imperio

1082 1383 1227 1422 privavit,
1236 1383 1290 1412 sed
1302 1381 1431 1412 comites
1448 1392 1520 1411 suos
1535 1382 1565 1410 in
1580 1380 1746 1410 maximum

1083 1425 1245 1455 discrimen
1266 1425 1406 1455 adduxit.
1420 1427 1494 1457 752.
1519 1434 1536 1453 a
1551 1423 1748 1453 Lacedaemo-

1082 1468 1141 1497 niis
1158 1469 1327 1499 instructus
1343 1468 1380 1497 ad
1395 1468 1518 1497 fratrem
1534 1465 1748 1497 invadendum.

1084 1513 1158 1542 529.

1379 1571 1419 1599 D.

1045 1639 1148 1668 Danae
1163 1648 1180 1667 a
1195 1638 1273 1668 Jove
1289 1641 1396 1666 amata.
1410 1638 1485 1666 476.

1045 1682 1169 1711 Danaus
1185 1690 1223 1709 ex
1245 1680 1386 1719 AEgypto
1413 1679 1560 1718 profugus
1584 1677 1683 1716 Argos
1699 1686 1750 1706 oc-

1088 1723 1222 1763 cupavit.
1241 1726 1314 1754 480.
1339 1724 1473 1752 Danaus.
1490 1722 1564 1752 523.

1044 1767 1166 1795 Darius.
1191 1767 1264 1795 196.
1287 1767 1324 1795 ab
1350 1765 1404 1794 illo
1429 1765 1578 1794 adversus
1599 1761 1748 1791 Graeciam

1085 1808 1183 1838 missi.
1199 1810 1273 1839 201.
1309 1808 1391 1837 illius
1408 1807 1610 1846 imperatores
1626 1805 1664 1834 ad
1684 1805 1751 1834 Ma-

1085 1852 1236 1881 rathonem
1262 1851 1369 1890 fugati,
1391 1849 1542 1880 Gra-ciam
1566 1848 1752 1886 relinquunt.

1086 1896 1160 1925 552.

1044 1937 1240 1967 Deceliacum
1256 1937 1379 1966 bellum.
1391 1938 1466 1966 412.

1047 1980 1214 2019 Delphicis
1237 1990 1315 2027 opes
1327 1979 1462 2008 Thebani
1487 1977 1586 2007 conati
1610 1979 1679 2006 sunt
1702 1985 1752 2004 su-

1086 2033 1193 2062 perare
1206 2021 1334 2061 privatis
1347 2022 1529 2060 sumptibus.
1545 2022 1620 2051 266.
1636 2019 1664 2048 ἰη
1677 2018 1751 2048 Del-

1087 2065 1156 2104 phis
1179 2065 1212 2094 τὸ
1226 2064 1434 2104 γεγςαμμὲνον.
1459 2065 1536 2094 561.
1569 2061 1751 2101 Delphicum

1087 2108 1241 2138 oraculum
1255 2107 1402 2146 antiquiss
1407 2107 1509 2141 imum,
1522 2105 1661 2135 omnibus
1671 2113 1752 2133 corn-

1089 2161 1190 2186 mune,
1207 2151 1265 2180 fide
1281 2149 1505 2188 dignissimum.
1521 2151 1598 2179 302.

1047 2194 1244 2229 Demonicus‚
1265 2192 1433 2231 Hipponici
1451 2192 1539 2222 lilius.
1554 2193 1606 2221 87.

1048 2236 1242 2266 Dercellidas
1265 2245 1335 2265 cum
1358 2235 1442 2264 mille
1458 2233 1581 2264 armatis
1598 2231 1753 2264 AEolidem

1091 2279 1266 2318 occupavit.
1283 2280 1358 2308 227.

1050 2321 1214 2360 Diodotus,
1230 2321 1377 2351 Isocratis
1394 2319 1563 2358 discipulus
1578 2322 1609 2348 et
1624 2317 1752 2347 amicus.

1091 2367 1165 2395 759.
1190 2364 1346 2394 Diodotus
1362 2363 1400 2392 ob
1416 2363 1511 2392 libere
1528 2359 1673 2400 loquendi
1692 2365 1754 2390 stn-

1092 2408 1174 2437 dium
1193 2407 1273 2445 apud
1291 2406 1407 2444 aliquot
1423 2405 1504 2435 Asiae
1520 2404 1676 2445 principes
1691 2413 1757 2433 mu-

1095 2460 1166 2480 nere
1183 2449 1310 2480 excidit.
1335 2450 1409 2479 760.

1049 2493 1218 2532 Dionysius
1239 2499 1396 2530 tyrannus,
1421 2501 1566 2521 suminam
1590 2487 1756 2529 potentiam

1091 2536 1232 2574 adeptus,
1253 2536 1420 2574 Syracusas
1449 2539 1480 2563 et
1506 2536 1597 2563 totam
1621 2531 1757 2562 Siciliam

1092 2578 1335 2619 potentissimam
1353 2577 1435 2606 fecit.
1457 2579 1528 2607 142.
1560 2586 1578 2605 a
1598 2573 1757 2612 Carthagi·

1093 2621 1249 2652 niensibus
1277 2622 1422 2650 obsessus
1455 2629 1635 2658 prosperum
1666 2626 1759 2646 oven-

1093 2663 1282 2694 tuinhabuit.
1297 2664 1372 2694 305.
1395 2661 1693 2708 Carthaginiensibus
1705 2658 1758 2688 de·

1095 2707 1185 2736 victis
1208 2707 1299 2736 vitam
1335 2706 1364 2735 in
1390 2715 1485 2743 regno
1510 2703 1612 2742 exegit
1634 2701 1756 2740 filioque

1095 2749 1260 2788 imperium
1290 2748 1423 2784 reliquit.
1454 2749 1528 2778 306.
1567 2746 1659 2775 idern.
1683 2746 1745 2774 2713

1095 2795 1170 2821 310.
1207 2792 1464 2830 Syracusanorum
1497 2798 1572 2819 unus
1602 2798 1618 2817 e
1646 2787 1759 2821 multis,

1095 2836 1262 2874 Syracusas
1277 2834 1450 2883 occupavit,
1466 2841 1651 2870 omnesque.
1644 2829 1760 2859 Sicilia

1097 2878 1188 2907 urbes
1205 2878 1322 2907 Graecm
1339 2876 1466 2914 originis
1487 2885 1542 2912 cep
1537 2875 1580 2909 1it,
1595 2873 1759 2903 maximas-

1097 2931 1155 2959 que
1169 2920 1274 2959 copias
1294 2920 1351 2949 sibi
1369 2917 1566 2958 comparavit.
1584 2918 1656 2948 269.

1058 2962 1263 3003 Diophantus.
1276 2963 1313 2992 ‹le
1333 2961 1518 2991 Mutilenaeia
1534 2961 1609 2990 bene
1622 2959 1760 2993 meritus,

1100 3006 1247 3035 Isocratis
1264 3004 1429 3035 familiaris.
1453 3006 1527 3033 77⁴1.
