1924 3314
258 204 306 243 10
785 198 841 238 H.
864 194 1161 237 STEPHANI

256 311 428 362 opusculi
459 323 535 347 non
568 308 710 345 fuisse:
742 307 807 345 sed
830 313 913 343 uter
932 319 952 342 e
973 304 1121 342 caeteris
1145 301 1295 339 duobus
1310 299 1405 337 illud
1426 297 1634 348 scripserit,
1655 296 1692 333 id
1722 314 1725 315 ⁷

258 385 348 408 vero
379 370 640 408 controversia
678 368 780 405 haud
823 372 940 403 caret.
997 365 1108 401 Hanc
1142 375 1213 412 ego
1245 362 1299 398 ita
1329 360 1507 398 dirimere
1537 363 1697 396 conatus

260 446 356 475 sum,
380 438 432 475 ut,
459 431 584 467 sinon
616 428 719 465 aliud
752 426 1008 477 praestiterim,
1039 437 1160 462 meum
1189 422 1381 471 judicium
1414 417 1696 470 proposuerim,

258 506 365 530 suum
386 491 591 540 uuicuique
614 489 850 538 relinquens.

316 555 442 589 Ausus
462 565 540 588 suni
573 557 700 587 autem
729 556 766 586 et
798 549 907 585 aliam
941 545 1217 583 dubitationem
1249 554 1417 586 movere,
1437 547 1474 577 et
1493 554 1574 577 eam
1608 538 1698 589 qui-

260 615 345 652 dem
367 627 515 658 novam,
533 613 581 649 de
602 618 758 648 auctore
780 610 942 653 duorum
964 621 1051 657 quae
1073 607 1236 656 primum
1260 603 1356 641 illud
1377 610 1591 652 sequuntur
1610 613 1703 650 opu-

262 675 477 711 sculorum:
508 673 555 709 de
577 684 652 720 qua
673 671 703 707 si
725 664 813 706 milii
843 682 918 705 non
940 666 1212 710 assentiemini,
1239 665 1313 702 hoc
1334 664 1467 700 saltem
1495 665 1553 710 (ut
1572 660 1704 712 spero)

262 733 488 778 fatebimini,
525 745 582 768 me
607 731 793 771 vidoneam
826 728 942 776 (haud
983 726 1125 764 nullam
1160 732 1280 771 certe,
1321 724 1603 774 qualiscunque
1640 721 1705 768 sit)

262 793 467 831 dubitandi
490 792 668 830 habuisse
689 803 856 828 causam.

784 1144 1122 1188 DIATRIBE
1154 1144 1188 1185 Ι.

288 1278 292 1282 .
310 1255 373 1296 (1.)
389 1255 436 1284 De
449 1254 545 1283 tribus
560 1237 777 1292 Scriptorib‘us,
794 1263 919 1292 quorum
934 1251 1060 1291 quisque
1078 1251 1233 1279 Isocrates
1243 1247 1412 1277 nominatus
1428 1247 1498 1277 fuit.
1540 1245 1606 1286 (2.)
1621 1245 1715 1283 Quae-

269 1308 335 1336 dam
359 1307 421 1344 legi
449 1305 478 1334 in
504 1304 622 1333 Libello
646 1304 698 1342 qni
722 1303 899 1333 inscribitur
926 1301 1096 1344 Paraenesis
1127 1301 1165 1329 ad
1191 1298 1404 1332 Demonioum,
1438 1301 1469 1326 et
1492 1307 1580 1336 quem
1603 1296 1713 1334 vulgus

267 1352 365 1396 primo
376 1356 460 1385 illiet
470 1356 600 1384 omnium
612 1354 809 1383 celeberrimo
825 1352 1005 1383 Atheniensi
1022 1350 1220 1383 adscribit,iu
1237 1349 1347 1388 quibus
1364 1353 1462 1377 tamen
1479 1353 1585 1377 auctor
1599 1357 1715 1377 sermo·

269 1417 335 1436 nem
359 1406 477 1435 minime
501 1416 568 1434 cum
588 1405 672 1434 illius
699 1405 847 1433 Isocratis
875 1413 1012 1432 sermone
1037 1411 1224 1431 communem
1249 1401 1376 1430 habeat:
1401 1399 1564 1437 quinetiam
1597 1407 1714 1436 praece-

269 1459 388 1497 ptiones
398 1457 553 1495 quasdam,
567 1466 633 1494 quae
651 1455 763 1485 saecuto
779 1454 862 1483 illius
876 1453 1023 1483 Isocratis
1037 1453 1133 1481 minus
1145 1452 1380 1481 accommodatae
1396 1456 1446 1479 aut
1460 1449 1561 1478 minus
1577 1454 1717 1477 necessa-

268 1509 321 1538 riae
338 1507 436 1536 videri
462 1506 588 1546 possint.
643 1505 712 1547 (3.)
737 1505 888 1535 Libellum
913 1504 991 1533 hunc
1013 1514 1029 1532 a
1047 1502 1196 1541 Dionysio
1222 1501 1458 1531 Halicarnasseo
1482 1499 1536 1529 nni'
1551 1511 1569 1529 e
1595 1499 1715 1528 duobus

268 1557 491 1598 posterioribus
507 1556 650 1590 adscribi,
667 1557 704 1584 ab
721 1555 975 1594 Harpocratione‚
993 1554 1098 1582 alteri:
1124 1563 1158 1582 ac
1176 1553 1235 1582 utri
1251 1552 1353 1591 potius
1371 1550 1550 1580 tribuendus
1567 1549 1717 1579 videatur.

270 1607 338 1649 (4.)
362 1607 532 1636 Paraenesis
558 1617 592 1635 an
615 1606 717 1645 potius
739 1607 916 1636 Paraeneses
940 1603 1088 1643 appellari
1105 1604 1224 1632 debeat.
1267 1601 1332 1643 (5.)
1357 1601 1578 1631 Paraeneticam
1595 1601 1717 1640 Episto-

270 1659 326 1688 lam
343 1658 442 1696 aptius
454 1661 592 1686 vocatum
610 1656 648 1686 iri
665 1666 752 1695 quam
771 1655 987 1685 Paraeneticam
1004 1653 1191 1683 Orationem.

327 1732 400 1782 (1.)
429 1731 612 1768 Isocratis
629 1743 766 1767 nomen
787 1728 1059 1767 celeberrimus
1076 1727 1138 1765 ille
1154 1727 1319 1776 scriptor
1335 1725 1598 1771 Atheniensis,
1612 1724 1715 1762 haud

274 1806 370 1830 uuus
401 1793 556 1829 habuit:
589 1791 652 1828 ille
686 1791 841 1840 inquam
873 1790 941 1841 qni
975 1789 1147 1826 Socratis
1179 1795 1218 1825 et
1244 1787 1413 1825 Platonis
1442 1786 1603 1836 aequalis
1632 1785 1717 1831 fuit,

273 1853 385 1902 cnjus
405 1852 538 1889 schola
558 1851 711 1889 officina
728 1850 962 1899 eloquentiae
992 1850 1122 1887 habita
1144 1855 1223 1886 est:
1255 1855 1322 1886 aut
1346 1848 1394 1897 (si
1415 1847 1498 1897 ipsa
1519 1847 1719 1884 Ciceronis

272 1914 389 1950 verba
420 1914 556 1959 mavis)
576 1927 596 1949 e
617 1911 730 1960 cujus
763 1911 871 1957 ludo,
902 1918 1083 1959 tanquam
1113 1923 1160 1946 ex
1185 1922 1287 1958 equo
1307 1908 1496 1956 Trojano,
1530 1907 1719 1945 innumeri

273 1974 468 2025 principes
487 1974 674 2010 exierunt.
705 1973 776 2009 Ille
795 1972 843 2008 de
865 1984 943 2020 quo
965 1970 1066 2020 apud
1084 1970 1280 2007 Platonem
1299 1970 1478 2006 Socrates
1494 1970 1578 2006 haec
1593 1969 1718 2018 loqui-

272 2043 333 2072 tur
349 2033 500 2083 (eodem
521 2033 709 2070 Cicerone
730 2033 970 2082 interprete),
999 2037 1008 2053 ‘
1027 2031 1265 2068 Adolescens
1284 2030 1519 2074 etiamnunc,
1541 2030 1721 2077 Phaedre,

273 2096 466 2133 Isocrates
498 2100 578 2131 est:
622 2093 687 2130 sed
725 2093 819 2142 quid
848 2092 896 2129 de
917 2092 983 2129 illo
1017 2104 1192 2141 augurer,
1225 2091 1332 2128 lubet
1364 2091 1506 2128 dicere.
1563 2090 1719 2140 Majore

276 2156 365 2193 mihi
399 2155 550 2204 ingenio
571 2154 722 2191 videtur
744 2167 825 2191 esse
855 2167 970 2203 quam
1004 2161 1047 2190 ut
1073 2166 1161 2190 cum
1191 2151 1428 2189 orationibus
1457 2153 1585 2202 Lysiae
1613 2165 1720 2190 com-

276 2223 458 2265 paretur:
488 2222 672 2264 praeterea
702 2214 750 2251 ad
775 2214 953 2252 virtutem
986 2213 1109 2262 major
1136 2213 1310 2251 indoles:
1343 2218 1384 2249 ut
1404 2212 1556 2250 minime
1586 2212 1721 2251 mirum

278 2278 446 2315 futurum
469 2275 532 2320 sit,
553 2276 597 2321 si,
620 2289 736 2325 quum
769 2281 883 2312 aetate
903 2274 1149 2325 processerit,
1171 2280 1237 2311 aut
1266 2274 1304 2310 in
1326 2273 1400 2311 hoc
1421 2273 1637 2312 orationum
1657 2287 1723 2324 ge-

282 2351 383 2393 nere,
415 2336 475 2373 cui
507 2349 605 2373 nunc
640 2336 782 2382 studet,
813 2343 958 2374 tantum
992 2342 1180 2386 quantum
1214 2337 1344 2385 pueris
1375 2335 1535 2384 reliquis
1565 2342 1726 2385 praestet

282 2397 473 2443 omuibus,
494 2396 559 2446 qni
588 2409 756 2446 unquam
785 2398 976 2435 orationes
1006 2398 1235 2447 attigerunt:
1267 2403 1348 2440 aut,
1378 2396 1410 2433 si
1431 2402 1637 2434 contentus
1665 2396 1726 2435 his

283 2473 356 2496 non
377 2458 505 2507 fuerit,
530 2457 656 2494 divino
683 2458 813 2507 aliquo
846 2459 960 2496 animi
986 2464 1092 2495 motu
1123 2457 1270 2507 majora
1295 2457 1564 2506 concupiscat.
1620 2457 1727 2495 Inest

283 2521 380 2558 enim
418 2528 551 2556 natura
585 2519 829 2569 philosophia
863 2520 897 2556 in
933 2519 1047 2568 hujus
1078 2519 1147 2556 viri
1178 2525 1304 2556 mente
1333 2518 1540 2568 quaedam.’
1574 2517 1727 2564 -Haud,

284 2583 450 2630 inquam,
489 2579 565 2623 liic,
607 2579 718 2628 cujus
762 2579 833 2616 alia
879 2580 997 2617 multa
1029 2580 1183 2629 eulogia
1223 2580 1259 2616 iu
1302 2579 1555 2628 sequentibus
1594 2578 1728 2624 habes,

286 2655 381 2679 unus
399 2642 497 2678 inter
515 2647 660 2678 veteres
687 2641 892 2690 scriptores
916 2642 991 2679 hoc
1019 2641 1234 2691 appellatus
1262 2640 1414 2677 nomine
1445 2638 1544 2677 fuit:
1576 2639 1643 2677 sed
1662 2631 1731 2677 >alii

284 2703 397 2739 etiam
426 2700 503 2737 duo
533 2701 720 2737 Isocrates
749 2701 916 2738 suerunt.
975 2702 1120 2739 Horum
1159 2714 1257 2739 unus
1287 2705 1347 2748 (ut
1379 2706 1544 2738 testatur
1574 2699 1730 2747 Suidas)

288 2762 457 2812 Amyclae
477 2761 576 2797 filius
605 2760 690 2805 fuit,
716 2761 781 2811 qui
804 2761 1045 2811 Apolloniam
1070 2762 1284 2807 Ponticam,
1306 2762 1382 2799 sive
1405 2760 1646 2806 Heracleam,
1666 2772 1730 2810 pa-

286 2825 397 2860 triam
413 2821 567 2859 habuit:
590 2820 799 2871 disciputus
816 2836 859 2859 ac
874 2836 1072 2860 successor
1087 2823 1211 2874 magni
1227 2823 1325 2860 illius
1344 2821 1608 2871 Isocratis(ita
1626 2822 1728 2858 enim

287 2883 346 2920 ille
371 2883 554 2933 loquitur,
574 2881 739 2932 μαθητὴς
770 2886 827 2919 καὶ
855 2883 1028 2934 διάδοχος
1061 2893 1126 2922 τοῦ
1145 2881 1670 2935 μεγάλουἸσοκράτ-ους),(]ιιὶ
1689 2888 1730 2919 et

289 2943 454 3001 l'latonis
479 2943 632 2981 auditor
659 2943 744 2981 fuit.
815 2945 925 2982 Plura
962 2952 1088 2984 autem
1121 2946 1224 2996 apud
1252 2943 1412 2982 Suidam
1450 2943 1499 2982 de
1544 2942 1729 2982 hoc-,tibi
