1924 3314
531 209 614 250 DE
645 207 786 251 VITA
820 208 1155 261 ISOCRATIS,
1193 210 1319 251 ETC.
1628 213 1652 251 3

206 318 383 357 doctrina
412 319 461 368 (si
495 319 582 369 quis
609 333 696 359 vere
720 321 891 371 judicet)
917 322 1177 373 principatum
1210 322 1376 371 obtinet,
1399 336 1445 361 ac
1477 324 1657 369 suasioni,

206 393 294 429 quae
314 380 402 417 inde
423 380 542 418 veluti
561 388 812 432 propagatur,
827 382 1035 421 admodum
1055 388 1114 420 est
1132 382 1259 422 affine.
1315 385 1413 422 Sunt
1432 390 1559 421 autem
1581 384 1657 421 De-

205 440 396 478 liberativi
415 443 566 491 generis
587 443 780 480 orationes
801 443 996 492 quinque:
1020 440 1271 493 Panegyfica,
1293 449 1332 481 et
1357 444 1418 482 Ad
1433 443 1655 494 Philippum

204 503 381 551 (quarum
401 508 507 539 tanta
523 502 597 540 fuit
611 503 712 553 apud
735 503 899 541 Graecos
917 503 1125 541 admiratio
1145 510 1185 542 et
1200 505 1426 551 auctoritas,
1451 510 1493 542 ut
1513 503 1658 555 Philip-

204 574 278 611 pus
299 567 337 599 et
360 563 582 601 Alexander
598 576 728 600 earum
751 564 915 602 lectione
933 563 981 601 ad
1004 564 1200 602 Persicum
1223 578 1382 615 regnum
1406 565 1655 604 evertendum

203 622 353 660 incitati
373 636 454 661 esse
482 624 788 675 perhibeantur),
811 625 1070 663 Archidamus
1092 627 1169 663 sive
1189 626 1505 678 Λακεδαιμόνιος,
1539 628 1658 663 Areo-

203 685 412 732 pagiticus,
444 685 504 722 De
532 697 629 735 pace
663 687 740 723 sive
773 687 1007 738 συμμαχικὸς
1036 688 1058 731 ἢ
1089 686 1414 738 συμβουλεῡτικός.
1471 689 1557 726 Nec
1583 688 1659 725 alio

203 745 283 782 fere
303 746 496 795 pertinent
517 759 651 784 novem
673 748 759 796 ejus
782 747 985 797 Epistolae,
1004 749 1178 798 quamvis
1198 762 1272 786 una
1291 755 1413 799 atque
1432 748 1553 787 altera
1574 750 1657 787 lau-

203 805 371 843 dationis
396 807 566 855 speciem
595 806 749 843 habeat.
804 807 940 844 Tertio
969 809 1058 845 loco
1079 815 1168 846 sunt
1197 809 1437 846 laudationes
1465 817 1660 858 quatuor:

203 865 403 914 Evagorae,
423 866 598 911 Helenae,
619 866 822 911 Busiridis,
845 872 884 904 et
900 867 998 904 liber
1014 868 1081 918 qui
1102 867 1411 905 Panathenaicus
1426 868 1661 907 inscribitur.

202 926 369 964 Mausoli
401 929 500 964 enim
529 927 746 973 encomion,
780 933 823 965 ut
852 934 891 965 et
921 928 970 966 ad
1002 929 1231 979 Dionysium
1271 934 1477 979 tyrannum
1519 930 1660 979 scripta

204 987 341 1033 oratio,
366 987 661 1027 interciderunt.
718 988 867 1027 Eodem
895 989 1010 1027 etiam
1044 990 1182 1036 oratio,
1210 1003 1300 1040 quae
1319 990 1661 1040 reprehensionem

204 1048 464 1099 sophistarum
486 1051 672 1098 continet,
689 1063 766 1088 non
786 1050 1031 1088 incommode
1048 1050 1261 1095 referetur;
1294 1051 1386 1089 licet
1401 1064 1469 1088 eos
1486 1054 1544 1099 (ut
1559 1051 1661 1088 bono

203 1117 243 1148 et
262 1111 425 1149 cordato
445 1112 526 1149 viro
547 1112 705 1163 dignum
725 1114 803 1161 est)
831 1113 1034 1151 emendare
1056 1126 1171 1163 quam
1203 1115 1436 1164 vituperare,
1465 1120 1503 1151 et
1520 1119 1660 1151 semet-

203 1172 327 1222 ipsum
349 1173 621 1212 commendare
643 1187 760 1227 quam
777 1174 864 1212 illos
885 1175 923 1212 in
943 1175 1074 1213 odium
1102 1181 1221 1225 atque
1244 1174 1429 1212 invidiam
1447 1175 1658 1219 adducere,

203 1234 325 1284 magis
351 1234 528 1273 instituit.
587 1236 752 1274 Restant
783 1235 955 1275 forenses
973 1243 1145 1287 septem:
1187 1236 1247 1274 De
1267 1236 1567 1282 Permutatione,
1600 1236 1660 1273 De

203 1297 323 1347 Bigis,
359 1297 588 1349 AEginetica,
628 1299 888 1350 Trapezitica‚
924 1300 1222 1351 Paragraphica,
1256 1300 1403 1338 Contra
1441 1299 1659 1343 Lochitem,

200 1359 443 1410 Ἀμάρτυρος.
501 1359 572 1397 His
605 1360 850 1398 annumerari
884 1365 1016 1411 potest
1043 1361 1158 1399 etiam
1191 1360 1378 1407 Plataica,
1410 1374 1499 1411 quae
1519 1360 1661 1397 forensi

202 1419 360 1457 omnino
382 1420 625 1458 vehementia
651 1426 817 1465 constat,
847 1434 934 1458 cum
966 1421 1215 1458 accusatione
1241 1420 1436 1459 violentiae
1455 1420 1661 1458 Thebano-

201 1493 297 1519 rum.
354 1482 492 1519 Oratio
507 1489 634 1520 autem
659 1481 708 1520 de
731 1481 837 1532 Bigis
857 1495 932 1519 non
954 1489 1032 1520 tam
1053 1482 1228 1520 defensio
1249 1488 1321 1527 est,
1344 1495 1460 1532 quam
1481 1481 1657 1519 laudatio

203 1541 443 1586 Alcibiadis3
474 1543 732 1595 Philippicam
753 1543 857 1590 item,
878 1550 916 1581 et
937 1543 1226 1594 Panegyricam,
1242 1543 1341 1580 etde
1359 1543 1660 1584 permutatione,

201 1601 416 1654 Dionysius
435 1604 784 1656 ἐσχηματισμένους
799 1603 990 1650 crabrone,
1011 1605 1085 1642 hoc
1103 1610 1174 1649 est,
1196 1618 1264 1655 per
1284 1606 1448 1655 speciem
1473 1604 1663 1643 suasionis

203 1670 242 1700 et
262 1663 499 1702 defensionis
520 1670 642 1703 tectas
660 1678 744 1704 esse
764 1665 913 1710 laudes,
936 1664 1153 1704 confirmat.

257 1725 309 1762 Et
339 1725 398 1762 hae
420 1726 595 1777 reliquiae
623 1732 711 1764 sunt
737 1727 970 1777 scriptorum
1003 1727 1201 1765 Isocratis.
1260 1728 1359 1765 Nam
1394 1727 1480 1778 ejus
1512 1739 1661 1776 praece-

202 1786 357 1836 ptiones
384 1787 478 1824 artis
511 1787 706 1834 oratoriae,
739 1788 934 1825 orationes
961 1787 1052 1824 item
1073 1787 1134 1825 vel
1166 1794 1347 1837 quatuor,
1369 1793 1411 1824 ut
1438 1786 1661 1837 Dionysius,

204 1847 264 1884 vel
293 1855 453 1897 septem,
487 1855 529 1886 ut
561 1848 748 1886 Caecilius
778 1848 938 1898 quidam
969 1848 1149 1898 putabat,
1181 1849 1253 1894 vel,
1286 1855 1326 1886 ut
1360 1847 1500 1884 Suidas
1528 1847 1657 1889 tradit,

203 1908 397 1955 undecim,
423 1909 538 1947 nobis
569 1909 725 1959 quidem
751 1910 962 1960 perierunt.
1022 1909 1122 1946 Duae
1152 1916 1296 1959 autem,
1321 1915 1387 1946 aut
1407 1908 1660 1957 (dissentiunt

201 1970 302 2008 enim
335 1977 512 2008 auctores
544 1971 594 2008 de
625 1970 801 2019 numero)
833 1971 1005 2022 quinque
1037 1977 1078 2007 et
1114 1970 1284 2020 triginta,
1324 1968 1424 2007 falso
1461 1967 1656 2018 quondam

202 2032 410 2082 adscriptae
431 2032 488 2070 illi
518 2032 687 2070 fuerunt.
742 2033 816 2070 Sed
844 2047 890 2070 ex
921 2032 1069 2070 amissis
1090 2030 1303 2069 desiderari
1335 2029 1495 2067 maxime
1528 2035 1661 2079 potest

204 2094 328 2131 oratio
357 2093 503 2144 scripta
521 2094 570 2130 ad
593 2094 822 2145 Dionysium
854 2093 996 2131 Siciliae
1028 2099 1230 2143 tyrannum
1250 2090 1381 2140 (cujus
1403 2091 1485 2141 ipse
1506 2089 1543 2127 in
1573 2102 1659 2126 ora—

203 2155 308 2192 tione
329 2154 545 2205 Philippica
563 2155 765 2204 meminit),
786 2156 824 2193 in
840 2169 919 2205 quo
937 2168 957 2192 a
974 2154 1201 2192 crudelitate
1223 2152 1460 2197 revocando,
1473 2157 1512 2189 et
1532 2151 1660 2189 animo

204 2216 289 2265 ejus
321 2216 370 2254 ad
405 2216 646 2254 clementiam
682 2223 721 2255 et
748 2215 1049 2255 moderationem
1078 2215 1333 2260 traducendo,
1365 2226 1522 2264 magnas
1554 2212 1658 2250 haud

202 2279 321 2317 dubie
339 2278 437 2317 vires
456 2278 693 2329 eloquentiae
714 2279 906 2316 adhibuit.
950 2279 1036 2316 Nec
1056 2278 1135 2315 sine
1157 2289 1295 2326 magno
1315 2275 1444 2313 fructu
1462 2283 1501 2313 et
1522 2274 1659 2324 insigni

204 2341 403 2391 voluptate
422 2340 661 2390 legerentur,
683 2339 834 2390 opinor,
855 2337 1141 2377 criminationes
1157 2337 1396 2381 Aristotelis,
1420 2341 1458 2374 et
1472 2335 1662 2386 Cephiso-

203 2401 289 2439 dori
307 2400 563 2438 defensiones.

259 2462 337 2500 Hic
358 2469 487 2499 autem
506 2474 635 2499 earum
658 2474 747 2511 quae
767 2463 977 2512 supersunt
996 2458 1108 2503 ord0‚
1135 2470 1251 2508 quem
1271 2456 1446 2507 exposui,
1468 2469 1661 2507 quemque

205 2524 243 2561 in
260 2523 525 2561 Graecolatina
545 2523 717 2561 editione
738 2522 941 2560 Basiliensi
977 2527 1137 2571 propter
1155 2519 1388 2557 discentium
1406 2518 1661 2556 commodita-

207 2593 282 2623 tem
303 2587 364 2635 (ut
394 2590 433 2622 et
459 2585 498 2621 in
519 2584 785 2622 Demosthene
812 2590 851 2621 et
873 2583 1053 2620 AEschine
1084 2580 1230 2619 factum
1258 2579 1347 2630 est),
1375 2579 1661 2618 observandum

207 2646 446 2684 curavimus:
477 2644 550 2682 etsi
581 2645 631 2682 ab
660 2645 801 2683 usitata
833 2643 1095 2683 collocatione
1123 2641 1284 2688 recedit,
1314 2646 1444 2680 tamen
1471 2653 1588 2691 quum
1616 2651 1662 2677 ea

207 2720 334 2757 neque
354 2714 571 2757 temporum
592 2719 717 2757 neque
737 2706 851 2744 ullius
872 2704 1043 2743 methodi
1065 2704 1254 2743 rationem
1281 2703 1436 2748 habeat,
1457 2702 1525 2740 sed
1547 2703 1661 2753 plane

206 2768 369 2807 fortuita
401 2767 594 2813 videatur,
629 2767 846 2805 laudandus
874 2767 1004 2816 potius
1049 2770 1107 2803 est
1143 2777 1262 2814 quam
1303 2763 1662 2815 reprehendendus

208 2830 376 2868 Primum
407 2830 509 2868 enim
529 2829 698 2868 docendi
718 2835 808 2867 sunt
828 2828 1007 2879 imperiti,
1036 2827 1129 2865 alias
1145 2827 1314 2874 ἐξηγήσει
1341 2831 1381 2863 et
1408 2824 1575 2875 simplici
1596 2836 1661 2860 ex-

208 2891 400 2942 positione
421 2891 621 2929 senteutioe
641 2896 783 2928 nostrae
803 2889 924 2940 (quod
947 2902 1067 2940 genus
1095 2888 1355 2939 παρὰινετικὸν
1375 2887 1548 2934 dicitur),
1569 2884 1662 2921 alias

208 2956 386 3001 ἀποδείξει
406 2957 609 3007 allatisque
633 2955 844 2993 rationibus
865 2953 1085 3004 cujusmodi
1106 2960 1144 2991 ct
1177 2952 1460 3003 disputationes
1491 2949 1662 2998 philoso-
