1924 3314
478 205 541 245 IN
575 202 926 245 ISOCRATEM
961 201 1288 243 DIATRIBAE.
1551 202 1604 242 23

164 317 269 362 dent,
290 323 329 355 et
347 317 505 355 auribus
532 317 730 356 fastidium
750 318 914 368 pariant.
971 315 1067 365 Ejus
1092 315 1208 353 verba
1237 320 1345 353 sunt:
1375 314 1415 352 αἵ
1435 329 1472 352 τε
1491 329 1605 365 παρο-

163 380 333 428 μοιώσεις
362 381 422 416 καὶ
450 382 676 430 παρισώσεις
707 381 766 416 καὶ
798 381 843 416 τὰ
879 377 1069 423 ἀντίθετα,
1099 378 1158 414 καὶ
1185 382 1261 420 πᾶς
1288 378 1308 413 ὁ
1338 382 1411 414 τῶν
1435 378 1608 413 τοιούτων

163 439 366 489 σχημάτων
385 441 534 490 κόσμος,
545 443 663 482 πολύς
681 440 760 477 ἐστι
778 441 863 489 παρ’
882 440 976 490 αὐτῷ
997 440 1056 475 καὶ
1073 441 1184 476 λυπεῖ
1201 436 1385 479 πολλάκις
1399 439 1465 482 τὴν
1484 434 1609 482 ἄλλην

165 503 403 545 κατασκευὴν,
423 501 720 550 προσιστάμενος
741 506 824 543 ταῖς
843 501 988 543 ἀκοαῖς.
1045 499 1094 536 Et
1114 499 1151 536 in
1173 499 1218 536 iis
1239 511 1327 547 quae
1348 510 1468 547 parvo
1489 496 1609 534 inter·-

166 559 267 596 vallo
304 560 546 610 praecedunt,
576 561 737 607 dixerat,
767 560 960 598 orationes
992 558 1075 607 ejus
1096 572 1189 597 >esse
1221 559 1316 596 tales
1339 563 1382 595 ut
1415 563 1614 595 concerta-

167 620 290 657 tiones
321 620 541 668 cujusmodi
570 628 658 658 sunt
691 621 728 657 in
760 620 1016 659 conventibus
1046 619 1185 670 populi
1214 625 1252 656 et
1281 619 1318 656 in
1340 618 1514 667 judiciis,
1534 629 1610 654 non

165 681 301 718 ferant.
350 681 456 718 Idem
478 681 569 718 alibi
590 682 638 718 de
665 695 711 718 eo
733 682 896 730 loquens
915 694 924 719 ι
954 688 1017 726 τῆς
1035 683 1159 731 μέντοι
1177 682 1331 728 ἀγωγῆς
1346 686 1418 718 τῶν
1438 677 1613 728 περιόδων

166 741 207 778 τὸ
227 744 373 778 κύκλιον
402 743 461 777 καὶ
486 748 558 779 τῶν
587 749 859 793 σχηματισμῶν
879 748 943 786 τῆς
962 743 1089 786 λέξεως
1109 741 1149 778 τὸ
1174 739 1404 790 μειρακιῶδες
1423 742 1485 776 οὐκ
1503 738 1614 776 ἐδοκί-

165 805 295 852 μαζον.
352 803 572 846 Quinetiam
594 804 826 840 mentionem
849 803 965 851 paulo
980 808 1070 850 post
1085 802 1178 838 facit
1198 801 1401 850 cujusdam
1424 800 1614 838 Philonici

168 862 376 908 dialectici,
396 863 461 911 qui
491 862 654 906 diceret,
685 875 771 899 eum
800 875 918 912 quum
950 861 1096 911 alioqui
1118 861 1304 910 reliquam
1325 861 1510 898 orationis
1530 861 1614 909 ejus

165 928 394 972 structuram
431 925 515 972 (seu
543 922 882 972 compositionem)
915 922 1069 972 probet,
1109 921 1183 958 hoc
1221 920 1403 958 novitatis
1444 921 1613 958 studium

166 983 451 1033 reprehendere
471 983 559 1032 (nisi
581 983 666 1032 quis
687 996 762 1020 non
784 984 1013 1029 καινότητος,
1035 982 1102 1020 sed
1124 983 1327 1030 κενότητος,
1349 981 1455 1019 malit
1472 983 1615 1032 legere)

166 1051 205 1082 et
231 1044 391 1081 similem
416 1043 556 1093 pictori
591 1057 675 1081 esse
707 1044 884 1090 adderet,
913 1043 979 1094 qui
1011 1043 1145 1080 iisdem
1167 1043 1336 1081 vestibus
1367 1056 1413 1081 ac
1442 1043 1615 1093 gestibus

166 1106 338 1155 picturas
356 1117 489 1142 omnes
510 1112 678 1142 ornaret.
737 1105 884 1143 Omnes
905 1106 1003 1142 enim
1025 1104 1187 1154 (aiebat)
1205 1103 1290 1152 ejus
1318 1105 1511 1142 orationes
1531 1118 1616 1142 eos-

165 1165 252 1203 dem
269 1172 401 1215 tropos
423 1165 564 1203 babere
579 1166 878 1216 comperiebam.
937 1168 1066 1215 Atque
1090 1165 1148 1202 bis
1167 1165 1366 1215 subjungit
1388 1165 1613 1216 Hieronymi

167 1227 391 1278 philosophi
421 1227 470 1265 de
493 1241 540 1265 eo
570 1227 716 1265 dictum
750 1241 867 1277 super
887 1227 1022 1265 iisdem
1042 1227 1293 1274 orationibus,
1323 1227 1422 1265 belle
1458 1227 1614 1276 quidem

168 1301 232 1325 eas
265 1301 377 1338 posse
408 1288 509 1338 legi,>
533 1288 598 1325 sed
634 1301 709 1325 non
737 1288 852 1325 etiam
886 1288 922 1325 in
956 1288 1143 1325 concione
1183 1301 1296 1338 posse
1332 1288 1382 1325 ita
1427 1295 1467 1325 nt
1505 1287 1618 1325 decet

168 1348 419 1398 pronuntiari.
475 1349 525 1386 Et
553 1349 754 1398 aliquanto
786 1355 887 1398 post,
921 1349 1152 1386 mentionem
1189 1349 1324 1385 iterum
1359 1348 1452 1385 facit
1484 1361 1613 1385 earum

167 1409 392 1447 nominatim
425 1409 630 1459 figurarum
663 1422 824 1460 quarum
853 1416 890 1446 et
920 1413 1033 1446 antea
1061 1408 1218 1453 fecerat,
1239 1408 1421 1446 videlicet
1450 1408 1617 1445 antithe-

169 1485 278 1516 εεωη,
306 1472 532 1522 parisosewn
561 1479 600 1509 et
630 1484 938 1522 paromoeosewn.
996 1471 1147 1513 Quibus
1168 1470 1384 1520 subjungit,
1415 1483 1454 1506 se
1489 1475 1616 1506 tamen

169 1534 231 1571 illa
250 1532 453 1582 figurarum
474 1523 617 1584 genera*
641 1546 715 1570 non
741 1545 900 1582 carpere
921 1533 1058 1582 (quum
1079 1531 1188 1568 multi
1209 1538 1246 1568 et
1274 1530 1447 1568 historici
1465 1537 1504 1567 et
1529 1542 1615 1566 ora-

168 1601 268 1632 tores
287 1594 332 1631 iis
354 1595 412 1631 usi
433 1595 521 1638 sint,
542 1595 755 1631 orationem
777 1600 958 1643 tanquam
976 1592 1145 1630 flosculis
1165 1605 1301 1630 ornare
1325 1592 1526 1636 volentes),
1548 1590 1614 1627 sed

167 1655 323 1692 nimium
344 1667 472 1692 earum
493 1667 616 1691 usum.
673 1654 923 1701 Tandemque
954 1653 1001 1691 ad
1022 1653 1199 1703 exempla
1217 1652 1387 1698 veniens,
1408 1665 1452 1690 ea
1476 1665 1523 1689 ex
1545 1652 1618 1688 Pa-

167 1716 348 1766 negyrico
367 1718 497 1764 (quem
517 1715 579 1752 τὸν
595 1714 816 1765 περιβόητον
835 1716 954 1760 λόγον
972 1713 1157 1764 appellat,
1180 1713 1218 1750 id
1239 1721 1312 1759 est,
1333 1713 1616 1750 celeberrimam

165 1776 267 1813 illam
286 1775 518 1822 orationem)
538 1775 744 1825 depromit,
764 1783 802 1811 et
821 1775 871 1811 ab
890 1775 964 1811 hoc
986 1774 1075 1811 loco
1095 1774 1285 1823 incipiens
1302 1787 1311 1810 ε
1340 1777 1526 1811 πλείστων
1545 1773 1616 1822 μὲν

165 1836 230 1875 οὖν
259 1838 415 1885 ἀγαθῶν
435 1838 578 1878 αἰτίους
611 1837 669 1873 καὶ
699 1839 886 1886 μεγίστων
906 1835 1071 1872 ἐπαίνων
1093 1837 1217 1880 ἀξίους
1242 1836 1418 1884 ἡγοῦμαι.
1454 1833 1516 1870 hic
1539 1845 1616 1869 non

165 1905 316 1937 tantum
345 1896 559 1935 membrum
593 1909 709 1933 unum
739 1895 925 1933 orationis
955 1896 1066 1933 alteri
1099 1894 1330 1944 respondere
1364 1894 1498 1932 scribit
1519 1894 1616 1943 (sive

165 1958 315 2008 aequale
344 1969 452 1999 esse;
493 1956 591 1994 dicit
625 1956 748 1994 enim:
778 1959 819 1994 οὺ
849 1959 962 2007 μόνον
990 1959 1039 2007 τῷ
1067 1957 1168 2007 κώλῳ
1195 1956 1236 1992 τὸ
1265 1957 1383 1992 κῶλον
1401 1955 1517 2001 ἰ’σον),
1548 1953 1615 1991 sed

166 2019 280 2057 etiam
325 2017 513 2055 vocabula
553 2017 768 2062 vocabulis,
804 2017 986 2054 videlicet
1017 2021 1206 2066 μεγίστων
1253 2016 1309 2053 illi
1347 2018 1547 2064 πλείστων,
1580 2021 1618 2051 et

165 2082 326 2119 ἐπαίνων
352 2079 407 2117 illi
434 2081 604 2127 ἀγαθῶν,
636 2085 675 2116 et
699 2080 820 2124 ἀξίους
849 2079 900 2116 illi
922 2082 1077 2121 αἰτίους.
1133 2080 1262 2128 Atque
1290 2078 1388 2114 hanc
1412 2076 1616 2127 periodum

165 2143 425 2194 subjungens:
455 2141 538 2179 οὐδὲ
557 2143 748 2178 ἀπέλαυον
767 2140 836 2192 μὲν
855 2144 904 2184 ὡς
924 2140 1039 2186 ἰδίων,
1058 2141 1221 2190 ἠμέλουν
1249 2139 1284 2177 δὲ
1304 2142 1525 2189 ἀλλοτρίων·
1548 2138 1616 2184 ait,

166 2218 242 2242 non
271 2203 394 2241 solum
422 2202 636 2240 membrum
664 2215 826 2252 sequens
845 2215 928 2239 esse
947 2202 1108 2252 πάρισον
1128 2201 1162 2238 ei
1180 2200 1283 2250 quod
1307 2199 1518 2248 praecedit:
1549 2201 1614 2238 sed

165 2266 278 2304 etiam
301 2265 359 2302 bis
378 2264 434 2302 uti
455 2264 516 2301 hic
545 2263 770 2301 antithetis:
801 2276 919 2313 quum
937 2265 1098 2313 ἠμέλουν
1125 2262 1174 2299 sit
1204 2261 1433 2299 antitlietum
1455 2261 1508 2297 illi
1528 2262 1618 2298 α’πέ-

165 2329 306 2364 λαυον;
337 2332 378 2363 at
407 2325 619 2375 ἀλλοτρίων
652 2323 883 2361 antithetum
919 2325 967 2361 sit
1000 2322 1236 2373 praecedenti
1267 2321 1380 2360 ἰδίων.
1438 2322 1622 2372 Sequitur

164 2391 267 2440 apud
289 2402 399 2427 eum:
429 2390 514 2426 ἀλλ’
532 2384 702 2433 ἐκήδοντο
715 2387 784 2437 μὲν
798 2391 847 2430 ὡς
862 2389 1014 2432 οἰκείων,
1036 2387 1238 2437 α’πείχοντο
1255 2385 1292 2423 δὲ
1311 2390 1430 2437 ὥςπερ
1449 2389 1523 2437 χρὴ
1544 2392 1617 2423 τῶν

164 2451 281 2503 μηδὲν
311 2452 584 2501 προσηκόντων.
639 2450 768 2498 Atque
796 2449 858 2486 hic
887 2461 1018 2485 rursus
1053 2448 1128 2485 hoc
1157 2450 1362 2498 ἀπείχοντο
1388 2447 1537 2497 opponi
1563 2446 1618 2484 ait

162 2514 214 2551 illi
234 2512 400 2554 ἐκήδοντο
421 2518 460 2549 et
483 2511 567 2548 haec
593 2510 707 2560 μηδὲν
731 2511 987 2560 προσηκόντων
1014 2507 1069 2545 illi
1097 2511 1251 2546 οἰκείων.
1308 2509 1367 2545 Ac
1389 2521 1436 2545 ne
1459 2507 1515 2544 his
1533 2506 1618 2557 qui-

164 2574 252 2614 dem
274 2573 432 2624 (inquit)
462 2578 667 2610 contentus
693 2577 777 2608 est:
810 2571 874 2608 sed
899 2571 936 2607 in
958 2582 1003 2607 ea
1022 2568 1301 2619 quae-sequitur
1328 2567 1505 2619 periodo,
1538 2580 1617 2605 rur-

165 2648 229 2672 sus
259 2635 342 2671 ltaec
373 2633 509 2671 verba:
542 2633 600 2669 καὶ
631 2638 709 2675 τοῖς
734 2634 842 2669 παισὶ
869 2631 1043 2679 μεγάλην
1073 2630 1178 2675 δόξαν
1199 2629 1449 2677 καταλείψειν·
1481 2642 1528 2666 ex
1548 2627 1616 2665 ad-

161 2708 272 2733 verso
291 2695 415 2744 posita
443 2699 530 2731 sunt
560 2692 708 2730 illorum
735 2692 814 2742 (vel
843 2705 891 2729 ex
909 2691 1072 2728 adverso
1108 2690 1179 2728 illis
1212 2689 1482 2741 respondent),
1502 2690 1616 2731 αὒτός

165 2773 203 2795 τε
223 2758 364 2806 μέλλοι
392 2756 558 2805 μάλιστα
579 2754 845 2803 εὖδοκιμήσειν.
877 2752 1094 2803 Itidemque
1113 2765 1161 2790 ex
1181 2751 1343 2789 adverso
1366 2751 1514 2795 horum,
1536 2750 1620 2787 οῦδὲ

161 2820 228 2860 τὰς
247 2815 483 2866 θρασύτητας
514 2818 581 2858 τὰς
612 2816 792 2860 (ι’λλὴλων
812 2814 978 2859 ἐζήλουν,
1001 2813 1127 2863 posita
1146 2819 1236 2850 sunt
1257 2813 1328 2850 ista
1349 2825 1435 2861 quae
1455 2810 1617 2859 subjun-

163 2884 326 2928 guntur:
371 2876 451 2914 οὐδὲ
481 2879 547 2919 τὰς
586 2878 731 2924 τόλμας
772 2878 837 2917 τὰς
870 2873 952 2912 καθ’
994 2874 1133 2912 ἑαυτῶν
1163 2875 1311 2919 ἤσκουν.
1369 2875 1497 2922 Atque
1535 2872 1617 2908 haec

163 2951 284 2988 parvo
306 2937 510 2975 intervallo
541 2936 645 2986 apud
664 2949 749 2974 eum
772 2935 878 2986 sequi
907 2935 987 2973 ait:
1019 2937 1121 2971 α’λλὰ
1141 2933 1341 2984 δεινότερον
1360 2933 1428 2984 μὲν
1449 2932 1616 2980 ἐνόμιζον
