1924 3314
652 220 1220 264 ΠΑΝΗΓΎΡΙΚΟΣ.

1553 216 1661 265 203

223 331 520 399 επιλέξαντες
557 357 635 386 και
680 359 764 386 των
797 357 1053 405 συμμαχων
1094 333 1270 399 ὅλῖγους
1297 332 1659 426 παραλωζόντες,

223 408 280 467 ὦς
306 409 345 459 ἓν
372 432 462 467 τοις
488 418 652 468 στενοῖς
680 408 950 467 κωλύσοντες
965 431 1125 466 αυτους
1142 430 1388 498 περαιτεξω
1410 409 1658 476 προελθεῖν,

221 481 260 532 οἷ
289 479 329 533 ὃ
364 482 558 551 ἧμετεροι
592 483 778 574 πατέρες
812 481 889 535 ε·ῑῡ·’
919 480 1213 574 Ἀρτεμισιον,
1239 479 1456 547 ἐξήκοντα
1491 481 1660 556 τριήρεις

177 570 203 608 b
221 554 535 647 πληξωσαντες
559 580 665 624 προς
687 557 814 608 ἑόποιν
839 580 889 607 το
919 559 1002 608 τῶν
1029 555 1254 626 πολεμιων
1273 556 1485 607 ναυτικόν.
1505 580 1660 608 ταυτα

221 627 263 681 δε
289 653 426 682 ποιειν
450 627 663 700 ετόλμων,
691 629 776 697 οὔχ
801 628 911 683 οὕτω
939 654 1023 682 των
1042 629 1272 700 πολεμίων
1291 647 1451 694 καταφ
1477 653 1660 689 ονουντες

220 727 274 762 ως
293 703 399 778 πρός
413 703 672 766 ιοῖλληλους1
683 704 968 771 elymum-reg,
988 702 1321 775 Λακεδαιμόνιοι
1335 704 1413 773 μὲν
1431 655 1658 776 ἔηλουντες

745 810 754 828 ¹
778 810 971 850 ἀγωνιζόμενοι
986 811 1024 841 A.
1038 811 1073 841 C.
1092 812 1126 841 L.

219 885 277 915 IV.
295 887 325 915 8.
336 885 546 924 Λακεδαιμόνιοι
567 885 652 915 εἴκοσι
669 886 714 914 καὶ
735 885 922 924 τετξακόσιοι,

219 927 265 957 καὶ
286 926 408 961 Εἵλωτες
425 929 447 958 οἶ
469 928 530 966 'fregi
552 927 662 961 αὐτούς.
709 929 745 957 In
766 927 922 957 Plutarchi

219 969 355 999 Aristide
370 981 396 999 c.
412 973 462 1000 10.
477 971 515 999 de
531 970 687 1008 Spartanis
701 970 850 999 militibus
863 974 922 998 est:

219 1010 257 1041 ι’ἶν
276 1011 397 1046 ἕκαστος
419 1012 498 1042 {or-r&
520 1012 580 1053 περὶ
603 1011 684 1042 αὑτὸν
698 1011 830 1045 Εἴλωτας
848 1011 923 1052 εἶχε.

218 1053 303 1084 Add.
326 1055 409 1085 Xen.
433 1055 557 1085 Hellen.
578 1055 633 1085 Vl.
656 1057 686 1085 5.
710 1057 762 1086 28.
812 1056 922 1094 Neque

218 1107 293 1126 vero
318 1098 486 1127 mirandum
507 1105 566 1137 est,
580 1108 644 1133 cur,
660 1108 750 1137 quum
770 1098 859 1128 etiarn
884 1099 923 1128 de

219 1140 386 1170 Helotibus
419 1142 573 1170 Isocrates
604 1141 759 1180 loquatur,
794 1141 921 1176 dixerit,

219 1182 298 1212 mille
311 1192 326 1212 e
349 1182 412 1212 suis
432 1183 615 1223 delegerunt,
630 1184 768 1222 quoniam
791 1184 923 1213 Helotes

220 1235 340 1264 quoque
363 1225 503 1255 dicuntur
522 1226 756 1262 Lacedaemonii,
770 1226 870 1265 iisque
891 1227 922 1256 in

219 1269 396 1298 recensione
411 1268 565 1298 exercitus
579 1269 624 1298 sic
640 1274 880 1303 annumerantur,
891 1275 924 1298 ut

220 1311 457 1346 Laeedaemonii,
480 1321 497 1339 e
524 1321 651 1349 quorum
681 1321 804 1340 numero
833 1311 922 1340 etiarn

221 1355 352 1383 Helotes
378 1358 458 1389 sunt,
474 1359 664 1392 opponantur
685 1353 855 1392 Spartanis,
871 1353 923 1391 qui

221 1401 291 1426 sunt
310 1397 394 1426 cives
409 1396 561 1435 Spartani.
606 1398 643 1425 In
666 1407 753 1434 quam
772 1405 835 1425 rem
851 1395 923 1424 insi-

221 1439 289 1478 gnis
306 1444 353 1469 est
364 1439 450 1468 loeus
466 1439 609 1478 Xenopb.
625 1438 747 1468 Hellen.
760 1439 816 1468 Vl.
831 1441 860 1468 4.
872 1438 925 1468 15.

221 1482 274 1511 ubi
284 1481 609 1521 narraturffvmrdev
615 1479 837 1520 Λακεδαιμονίων
843 1480 925 1510 mille

222 1525 347 1560 obiisse,
369 1524 449 1554 inter
473 1534 549 1563 quos
576 1524 687 1553 suerint
716 1525 925 1563 quadringenti

223 1567 376 1607 Spartani,
399 1566 477 1596 αὐτοὶ
502 1568 695 1605 Σπαρτιᾶται,
717 1566 818 1596 cives:
843 1567 924 1605 quod

223 1611 346 1649 egregie
359 1609 502 1640 convenit
515 1609 693 1639 Herodoteo
706 1609 774 1639 loco
783 1609 822 1639 de
834 1610 926 1647 patri-

223 1654 280 1683 bus
297 1653 435 1682 familias.
481 1652 619 1691 Denique
635 1651 728 1681 Diod.
740 1652 803 1681 Sic.
818 1651 882 1682 XI.
894 1656 926 1682 4.

221 1696 261 1725 de
277 1696 334 1725 hoc
355 1696 422 1734 ipso
437 1695 565 1734 proelio:
590 1694 811 1734 Λακεδαιμονίων
825 1694 925 1736 χίλιοι,

220 1739 269 1768 καὶ
291 1739 340 1769 σὺν
361 1739 457 1771 αὐτοῖς
482 1740 664 1776 Σπαρτιᾶται
691 1737 854 1778 τριακόσιοι.
875 1739 924 1767 ubi

220 1781 448 1821 VVesselingius
465 1780 610 1816 ostendit,
627 1781 876 1810 Lacedaemonios
895 1785 926 1810 et

219 1826 385 1864 Spartanos
409 1827 442 1853 ut
469 1828 585 1862 partem
614 1828 645 1853 et
670 1828 765 1853 totum
790 1824 922 1853 differre.

219 1867 364 1897 Sexcenti
389 1866 611 1897 Lacedaemonii
639 1866 718 1905 apud
743 1866 856 1896 Justin.
876 1867 925 1895 II.

220 1914 271 1940 11.
290 1913 341 1940 14.
361 1911 450 1939 etiam
463 1908 548 1939 cives
567 1913 599 1938 et
614 1909 744 1939 Helotes
762 1910 856 1939 fuisse
882 1909 924 1938 vi-

220 1954 340 1983 dentur.
363 1954 470 1983 lom.

263 1994 405 2036 ’ολίγους]
432 1995 528 2025 Fuere
540 1995 703 2025 secundum
722 1994 924 2030 Herodotum,

225 2039 303 2068 VII.
318 2040 390 2068 222.
405 2038 617 2078 quadringenti
641 2037 787 2073 Thebani,
811 2038 924 2077 septin-

225 2080 307 2120 genti
329 2081 549 2120 Thespienses:
572 2092 638 2110 nani
659 2081 782 2119 reliqui,
805 2091 831 2110 c.
851 2083 924 2110 202.

223 2123 379 2158 nominati,
402 2123 595 2162 diffugerant,
616 2135 643 2153 c.
661 2126 733 2155 919.
751 2124 844 2153 Diod.
861 2123 925 2154 XI.

227 2169 256 2198 9.
273 2166 323 2205 qui
336 2167 418 2196 solos
433 2167 635 2205 Thespieuses
651 2166 799 2196 mansisse
815 2173 926 2196 narrat.

223 2210 302 2240 Ante
314 2209 464 2239 sociorum
477 2209 577 2248 fugam
591 2215 769 2249 snper-arant
781 2219 926 2239 summam

225 2259 353 2291 quatuor
368 2252 506 2287 millium,
523 2262 611 2292 quarn
631 2253 723 2282 Diod.
738 2252 801 2282 Sic.
819 2253 880 2282 XI.
896 2257 926 2283 4.

225 2300 257 2325 et
275 2295 389 2326 sustin.
411 2296 457 2325 11.
482 2299 534 2325 11.
562 2295 629 2324 init·
660 2295 788 2325 rotunde
814 2295 927 2335 posuit.

226 2340 275 2368 De
289 2348 412 2368 numero
426 2338 656 2377 Thespiensium
673 2349 730 2368 non
747 2343 859 2368 temere
874 2339 928 2368 du-

225 2381 338 2411 bitavit
347 2381 544 2411 Valckenaer.
557 2381 595 2411 ad
608 2381 760 2411 Herodot.
771 2381 928 2413 VIL202.

226 2425 333 2455 Imm.

270 2467 389 2509 Αὐτοὺς]
413 2467 521 2498 Malim
537 2467 632 2504 αὐτόν,
646 2478 754 2507 nempe
777 2468 928 2498 Xerxem.

225 2510 366 2541 Auczn.
396 2511 456 2540 Sed
481 2512 518 2540 ad
543 2511 624 2551 πεζὸν
651 2511 841 2541 referendum
871 2516 928 2540 est.

227 2553 299 2584 Non
330 2564 433 2584 omnes
463 2554 541 2583 enirn
573 2554 694 2583 Xerxis
719 2554 818 2593 eopiae
849 2553 889 2594 (i.
903 2564 931 2583 e.

227 2595 329 2636 αὐτὸς)
355 2597 396 2626 ibi
421 2602 517 2631 erant,
538 2597 592 2626 sed
615 2597 775 2635 pedestres
798 2603 929 2633 tantum;

229 2640 354 2670 navales
371 2650 445 2670 vero
469 2639 669 2669 Athenienses
695 2649 800 2668 arcere
826 2640 931 2669 stude-

230 2682 311 2712 bant.
364 2683 539 2722 Legendum
566 2682 660 2720 igitur
689 2681 800 2717 αὐτοὺς,
827 2683 931 2721 copias

230 2725 400 2764 pedestres.
423 2726 553 2755 spons.

272 2767 422 2807 Ἐξήκοντα
449 2767 552 2808 τςιῆρ]
578 2767 734 2798 Universae
757 2769 932 2798 Graecorum

232 2809 335 2846 classi,
350 2813 387 2841 ad
412 2811 609 2842 Artemisium
625 2811 774 2845 collectae,
790 2811 934 2840 interfue-

232 2859 301 2883 runt
313 2856 387 2884 127.
396 2864 490 2884 naves
500 2854 624 2889 Atticae,
636 2854 786 2883 Herodot.
796 2855 892 2883 VIlI.
905 2857 935 2883 1.

234 2900 285 2925 aut
299 2899 371 2927 140.
383 2899 473 2936 juxta
494 2897 588 2926 Diod.
601 2897 661 2927 Sic.
677 2897 741 2926 XI.
759 2899 808 2926 12.
824 2897 934 2935 quibus

234 2942 304 2976 post
317 2939 446 2977 priorem
458 2950 654 2979 congressum
675 2940 712 2969 ad
736 2938 935 2969 Artemisium

234 2981 287 3010 53.
303 2982 460 3013 submissae
476 2988 555 3017 sunt,
568 2982 720 3012 Herodot.
735 2993 762 3012 c.
778 2986 828 3012 14.
843 2982 935 3011 Diod.

234 3022 295 3052 Sic.
317 3034 344 3054 e.
369 3027 416 3054 13.
477 3026 638 3063 Quomodo
675 3036 747 3064 ergo
784 3026 935 3055 Isocrates

958 885 1059 914 dicere
1079 885 1189 923 potuit,
1207 884 1338 923 ἑξήκοντα
1361 885 1473 925 τριήρεις
1495 886 1659 925 πληρώσαν-

956 926 1023 960 τες.>
1047 927 1093 956 An
1108 927 1177 956 illas
1194 931 1306 956 tantum
1322 928 1538 967 quinquaginta
1553 933 1584 958 et
1598 933 1659 958 tres

957 969 1133 1004 submissas,
1148 970 1276 999 rotundo
1288 979 1412 999 numero
1427 970 1596 1008 sexaginta,
1607 981 1660 1000 no-

956 1012 1094 1048 minavit‚
1120 1011 1240 1041 caeteris
1264 1012 1406 1041 omissis?
1445 1012 1538 1049 Quod
1565 1013 1591 1042 si
1617 1014 1659 1042 ita

957 1059 1015 1091 est,
1033 1060 1066 1084 ut
1082 1054 1215 1089 videtur,
1230 1054 1288 1084 uisi
1304 1055 1404 1084 locum
1420 1061 1594 1095 corruptum
1611 1066 1660 1085 ar·

956 1097 1113 1132 bitremur,
1139 1097 1228 1127 nimis
1257 1098 1384 1127 recessit
1408 1107 1424 1126 a
1447 1108 1530 1128 vero.
1564 1098 1659 1129 Mon.

956 1140 1071 1170 Coraes
1094 1141 1169 1170 hanc
1197 1141 1235 1169 ob
1259 1150 1322 1169 rem
1344 1140 1475 1179 conjecit
1497 1141 1592 1171 verba
1612 1141 1660 1170 καὶ

957 1181 1055 1212 {xa-rav
1078 1193 1145 1213 esse
1163 1183 1312 1213 addenda.
1358 1184 1418 1213 Sed
1443 1183 1582 1222 quamvis
1605 1194 1660 1213 nu-

957 1236 1058 1256 merus
1078 1226 1220 1256 facillime
1241 1226 1401 1266 depravari
1419 1226 1564 1265 potuerit,
1581 1236 1661 1265 prae-

958 1268 1060 1298 sertim
1075 1269 1102 1298 si
1117 1269 1202 1307 siglis
1214 1269 1346 1307 scriptus
1356 1274 1437 1298 esset
1450 1280 1457 1307 ;
1477 1275 1575 1299 tamen
1587 1269 1661 1299 nihil

957 1312 1133 1339 mutandum
1155 1321 1223 1340 esse
1249 1316 1336 1350 puto.
1390 1312 1467 1341 Nam
1494 1313 1660 1341 secundum

959 1353 1110 1382 Herodot.
1120 1354 1214 1382 VIII.
1225 1353 1264 1382 in.
1274 1353 1475 1383 Athenienses
1487 1354 1661 1385 cxxvlt.

958 1405 1051 1424 naves
1075 1395 1230 1430 miserant,
1247 1397 1301 1425 sed
1321 1407 1360 1425 ex
1384 1396 1431 1426 his
1452 1407 1591 1436 magnum
1607 1407 1659 1427 nu-

958 1448 1073 1468 merum
1091 1438 1274 1468 Plataeenses
1285 1439 1528 1478 compleverant;
1552 1440 1662 1471 deinde

959 1491 1044 1516 vero,
1054 1486 1087 1510 ut
1098 1482 1163 1517 hoc,
1174 1481 1202 1510 in
1214 1492 1274 1521 quo
1284 1482 1460 1521 scriptores,
1470 1483 1513 1512 uti
1526 1483 1555 1512 iu
1566 1484 1661 1514 omni-

960 1524 1016 1553 bus
1025 1524 1311 1563 quaebancpngnam
1321 1530 1469 1565 spectant,
1478 1537 1535 1556 non
1546 1526 1661 1565 optime

960 1567 1162 1603 consentiunt,
1191 1568 1319 1603 mittam,
1345 1569 1474 1599 oratoris
1499 1569 1661 1599 consilium

959 1609 1036 1638 adeo
1059 1610 1256 1649 conspicuum
1284 1615 1342 1648 est,
1364 1616 1399 1640 nt
1427 1612 1466 1641 de
1494 1613 1661 1642 mutatione

960 1651 1087 1691 cogitari
1117 1653 1171 1682 vix
1199 1652 1308 1691 possit.
1367 1654 1551 1693 Comparare
1581 1655 1661 1685 enim

960 1694 1061 1724 studet
1083 1695 1312 1725 Atheniensium
1337 1695 1479 1726 virtutem
1503 1698 1542 1727 ad
1571 1698 1660 1728 Arte-

960 1737 1080 1767 misium
1095 1737 1276 1767 declaratam
1296 1748 1364 1767 cum
1378 1739 1546 1769 clarissimo
1565 1741 1661 1770 Lace-

960 1780 1175 1810 daemouiorum
1196 1781 1232 1810 ad
1248 1781 1467 1821 Thermopylas
1481 1783 1561 1812 facto
1575 1782 1661 1824 (He-

958 1824 1059 1853 rodot.
1079 1824 1174 1852 VIII.
1192 1834 1218 1852 c.
1238 1823 1325 1864 15.);
1359 1824 1429 1853 inde
1453 1829 1551 1854 autem
1574 1830 1663 1864 patet

959 1870 1074 1895 tantum
1085 1867 1191 1895 abesse
1201 1867 1354 1901 debuisse,
1366 1871 1399 1896 ut
1413 1877 1567 1897 numerum
1579 1879 1661 1898 more

959 1913 1109 1938 oratorum
1119 1909 1326 1948 amplificaret,
1336 1916 1368 1939 ut
1379 1920 1415 1939 ue
1423 1920 1526 1940 verum
1537 1911 1660 1949 quidem

959 1957 1141 1986 recenseret,
1153 1953 1207 1981 sed
1218 1953 1376 1987 minueret,
1388 1963 1446 1991 quo
1455 1952 1534 1982 sacto
1542 1954 1662 1984 facilius

959 2005 1028 2024 cum
1044 2004 1139 2034 parvo
1155 1995 1450 2025 Lacedaemoniorum
1465 1997 1503 2026 ad
1518 1996 1662 2027 Thermo-

959 2037 1046 2077 ρ)1ιις
1059 2047 1184 2067 nurnero
1201 2038 1333 2068 conferri
1348 2043 1461 2076 posset.
1483 2039 1617 2070 Sporus.

1002 2079 1223 2122 Ἀγωνιζόμενοι]
1274 2081 1373 2111 Codd.
1407 2081 1596 2113 Ambrosiam.
1630 2086 1662 2113 et

962 2124 1106 2153 Laurent.
1120 2124 1294 2160 ἀγωνιῶντες.
1341 2124 1563 2163 Harpocratio:
1585 2126 1662 2162 ἀγω-

959 2166 1014 2206 νιᾲἶν
1023 2178 1055 2195 το
1046 2165 1259 2204 ἀγωνίζεσθαι.
1287 2165 1446 2206 Ἰσοκράτης
1456 2165 1481 2197 ἐν
1489 2166 1530 2206 τῷ
1540 2168 1600 2206 περὶ
1611 2170 1663 2202 τῆς

959 2209 1131 2243 ἀντιδόσεως·
1149 2210 1316 2247 ἀγωνιᾶντες
1330 2209 1392 2238 ἀντὶ
1408 2210 1458 2239 τοῦ
1468 2210 1661 2251 ἀγωνιζόμενοι

960 2255 1044 2292 παρὰ
1065 2252 1107 2291 τῷ
1132 2252 1222 2291 αὐτῷ’,
1243 2251 1268 2281 ἐν
1291 2251 1334 2291 τῷ
1352 2251 1537 2293 Πανηγυρικῷ.
1582 2254 1662 2284 Inde

961 2295 1088 2325 Suidas.
1111 2295 1226 2335 ἀγωνιᾷν
1240 2293 1400 2334 Ἰσοκράτης
1417 2295 1481 2325 ἀντὶ
1500 2297 1550 2326 τοῦ
1565 2296 1663 2334 ἀγωνί-

962 2337 1066 2378 <eff-iias
1088 2342 1119 2367 et
1140 2338 1308 2375 ἀγωνιῶντες
1322 2337 1383 2367 ἀντι
1398 2339 1447 2367 τοῦ
1463 2337 1663 2380 ἀγωνιζόμενοι.

960 2379 1128 2421 ἰο-οκςάτης.
1154 2383 1253 2419 Quum
1267 2386 1405 2411 neutrum
1415 2381 1444 2411 in
1458 2381 1582 2422 seriptis
1597 2383 1664 2413 Iso-

962 2425 1070 2454 crateis
1082 2424 1230 2462 repererit
1240 2424 1340 2454 Carol.
1350 2425 1474 2462 Segaar.
1487 2425 1518 2454 in
1531 2425 1663 2456 Observ.

963 2468 991 2496 in
999 2467 1466 2506 Isocrat.(Act.Soc.TrajectJ.
1476 2477 1506 2506 p.
1516 2467 1597 2508 85.)‚
1605 2473 1667 2498 sta-

964 2511 1022 2539 tuit
1030 2510 1171 2539 memoria
1181 2510 1298 2549 lapsum
1307 2520 1374 2540 esse
1387 2511 1668 2549 Harpocrationem,

963 2563 1052 2591 quum
1069 2557 1183 2581 certum
1200 2554 1240 2583 sit
1261 2553 1500 2583 ‘Grammaticos
1521 2555 1666 2584 Veterum

964 2596 1032 2625 loca
1048 2606 1106 2625 uon
1130 2605 1197 2625 raro
1211 2596 1386 2626 memoriter
1400 2596 1493 2626 citare
1515 2601 1606 2636 atque
1627 2608 1667 2627 ex

964 2638 1032 2668 istis
1054 2638 1250 2669 citationibus
1263 2645 1416 2678 receptam
1432 2639 1591 2669 lectionem
1607 2650 1667 2669 non

966 2686 1079 2711 temere
1106 2691 1175 2712 esse
1203 2682 1397 2711 mutandam)
1450 2683 1510 2712 Sed
1535 2683 1667 2712 Zonaras

967 2735 1087 2764 quoque
1104 2735 1131 2764 p.
1143 2727 1195 2755 37.
1212 2725 1379 2762 ἀγωνιῶντες
1390 2724 1454 2754 ἀντι
1467 2736 1516 2754 του
1538 2724 1668 2765 ἀγωνιζό-

966 2777 1054 2806 μενοι·
1073 2766 1158 2801 οὕτως
1176 2767 1346 2808 Ἰσοκράτης,
1368 2775 1398 2797 et
1418 2768 1547 2797 Photius
1571 2771 1666 2806 p.1‘2.

967 2809 1094 2850 ἀγωνιᾷν.
1113 2809 1295 2850 Ἰσοιιςάτης’
1281 2823 1343 2841 αντι
1353 2822 1402 2840 του
1387 2810 1611 2850 ”ἀγωνι’ζεσθαι,
1620 2810 1666 2839 και

968 2854 1132 2892 ἀγωνιῶντες
1146 2853 1208 2883 ἀντι
1224 2855 1274 2883 ’τοῦ
1288 2853 1516 2893 ἀγωνιζόμενοι,
1505 2866 1517 2882 ο
1532 2851 1624 2886 αὐτὸς,
1637 2858 1667 2882 et

968 2907 1054 2936 paene
1076 2896 1184 2926 iisdem
1211 2897 1312 2926 verbis
1336 2897 1465 2926 Lexicon
1493 2897 1603 2925 rhetor.
1619 2905 1668 2924 so-

968 2940 1062 2979 phist.
1085 2939 1114 2969 in
1143 2939 1275 2969 Bekkeri
1293 2939 1440 2969 Anecdot.
1456 2949 1500 2977 gr.
1514 2938 1581 2967 Vol.
1598 2937 1624 2966 1.
1636 2947 1668 2975 p.

968 2983 1069 3013 3331.
1080 2983 1259 3021 026.sq.,ita,
1269 2988 1299 3011 ut
1310 2982 1418 3011 mirum
1432 2981 1483 3015 sit,
1495 2980 1560 3009 siin
1574 2980 1667 3009 omni-

970 3027 1025 3055 bus
1058 3036 1142 3055 error
1177 3024 1428 3066 Harpocrationis
1462 3022 1670 3062 praevaluisset
