1914 3314
617 208 1260 253 ΑΡΕΟΠΑΓῙΤΙΚΟΣ.

1558 205 1666 259 339

223 322 438 392 μάλιστα
457 321 763 412 &aggaozio-ag’
726 346 786 382 εις
801 322 1046 381 πλείστους
1065 318 1271 380 κινδύνους
1291 318 1660 412 καθισταμένας

225 393 365 448 αἴτιον
397 393 441 447 δε
473 398 636 448 τούτων
669 396 806 459 ἐστὶν,
835 395 902 448 ὃτι
939 421 1022 448 των
1048 396 1242 463 ἁγαθων
1276 393 1356 447 καὶ
1391 420 1476 448 των
1511 420 1664 448 κακων

181 481 205 520 d
225 467 335 522 ουδεν
362 493 472 521 αυτο
502 471 602 522 καθ’
626 494 736 522 αυτο
763 469 1103 546 παραγίγνεται
1127 480 1216 529 τοῖς
1233 468 1532 563 ανθρωτσοις,
1525 470 1663 527 α’λλα

223 566 530 597 συντετακται
557 568 635 596 και
659 546 983 597 συνακολουθεῖ
1002 555 1092 603 τοῖς
1114 569 1193 615 μεν
1220 545 1428 602 πλούτοις
1453 567 1532 596 και
1561 554 1663 603 ταῖς

268 694 358 723 Αἴτιον
383 692 411 723 δὲ
438 692 542 723 τούτων
568 692 646 722 ἐστὶν
674 703 702 721 κ.
723 704 753 721 τ.
775 693 823 733 λ.]
855 692 924 721 Tib.

222 736 475 766 Hemsterhusius
491 736 520 765 in
536 746 631 774 marg.
651 735 810 774 Isocratis,
826 735 877 773 qui
893 735 922 763 iu

223 778 419 808 Bibliotheca
445 779 618 808 Academiae
642 783 751 807 nostrae
773 784 922 812 servatur,

222 822 286 851 haec
299 822 434 851 notavit:
452 826 459 838 ⁴
473 822 687 860 Theopompus
704 819 729 848 ἐν
744 820 780 859 τῇ
795 820 923 860 ἑνδεκάτῃ

221 866 276 894 τῶν
289 864 349 903 πεξὶ
368 861 510 893 Φιλίππου
525 864 588 892 haec
602 864 756 891 Isocratea
777 862 815 890 de
829 864 924 891 verbo

221 907 259 936 ad
281 908 403 936 verbum
428 905 629 943 transcripsit.
661 904 851 942 Porphyrius
873 914 921 941 ap.

221 948 386 978 Eusebium
405 948 506 986 Praep.
525 948 642 985 Evaug.
663 946 707 975 X.
732 958 761 985 p.
783 947 856 975 464.
875 945 922 975 C.’

218 989 324 1020 IDEM.

261 1031 343 1062 Οὐδὲν
365 1032 434 1062 αὐτὸ
454 1030 518 1061 καθ’
538 1030 608 1061 αὑτὸ
632 1028 840 1072 παραγίγνεται
859 1030 921 1065 ’τοῖς

217 1074 388 1116 ἀνθρώποις]
412 1074 490 1105 nihil
503 1076 595 1114 ipsum
607 1085 662 1113 per
672 1085 699 1104 se
711 1075 828 1110 accidit,
843 1074 921 1104 adest

217 1117 388 1148 hominibus.
409 1119 521 1148 Sensus
532 1122 592 1147 est:
618 1117 741 1147 Nullum
755 1123 802 1147 est
811 1119 920 1147 bonum

216 1162 300 1200 quod
322 1162 420 1191 solum
444 1166 475 1191 et
494 1162 659 1200 sejunctum
682 1162 719 1190 ab
741 1160 824 1190 omni
841 1160 920 1189 malo

215 1204 388 1234 hominibus
414 1204 509 1234 adsit:
541 1203 656 1233 nullum
682 1208 787 1233 contra
809 1203 919 1233 malum

220 1247 302 1286 quod
318 1249 485 1285 sejunctum
501 1257 518 1276 a
534 1247 612 1276 bono
627 1247 767 1277 exsistat.
804 1246 919 1277 Similis

217 1289 366 1320 sententia
388 1295 435 1319 est
458 1289 488 1319 in
509 1289 691 1320 Archidamo
716 1289 742 1330 ᾗ.
764 1288 821 1321 ιβ’.
846 1288 918 1319 οὐδὲν

216 1333 271 1373 γιὶς
297 1335 352 1362 τῶν
374 1332 455 1362 ὄντων
478 1331 555 1362 ἐστὶν
577 1332 732 1372 ἀποτόμως
755 1332 816 1362 οὔτε
836 1332 918 1362 mxiv

215 1374 275 1406 οὔτ’
292 1374 412 1414 ἀγαθόν.
436 1377 483 1405 De
507 1375 640 1406 dictione
661 1374 732 1405 αὐτό
753 1374 816 1405 καθ’
836 1374 916 1411 αὑτὸ,

214 1419 318 1454 solum,
347 1429 406 1448 non
434 1429 502 1448 cum
524 1419 592 1448 aliis
618 1419 701 1449 rebus
728 1419 916 1454 commistum,

215 1462 281 1491 vid.
298 1462 536 1501 Hoogeveenius
551 1462 589 1491 ad
605 1461 750 1501 Vigerom
767 1462 806 1491 de
821 1461 915 1491 Idiot.

214 1505 322 1535 1v.7.
345 1515 377 1543 p.
401 1506 473 1534 170.
511 1504 563 1533 Sic
593 1505 673 1543 apud
701 1505 857 1534 Platonem
884 1504 914 1534 in

215 1547 369 1578 Phaedone
385 1557 415 1586 p.
432 1550 483 1577 14.
499 1547 558 1577 Ed.
570 1547 734 1585 Wyttenb.
746 1547 823 1577 illud
839 1547 915 1577 dici·

215 1595 266 1620 tur
288 1600 358 1620 esse
381 1591 457 1620 mori
479 1601 566 1641 χωςις
586 1589 642 1628 μὲν
663 1590 720 1620 ἀπὸ
745 1591 796 1624 τῆς
821 1588 917 1631 ψυχῆς

215 1631 388 1671 ἀπαλλαγὲν
404 1632 474 1663 αὐτὸ
492 1631 556 1662 καθ’
573 1632 644 1662 aava
659 1632 692 1662 τὸ
705 1635 794 1673 σῶμα
811 1643 915 1672 γεγονε-

215 1686 268 1712 ναι,
281 1677 395 1706 seorsim
414 1676 450 1706 ab
467 1677 562 1706 animo
582 1676 735 1706 liberatum
753 1676 845 1706 solum
864 1686 918 1706 esse

214 1728 328 1758 corpus.
353 1718 526 1748 Plutarch.'
518 1729 549 1747 ιιι
565 1719 664 1748 Cicer.
679 1729 711 1758 p.
724 1722 798 1751 882.
813 1721 850 1750 E.
867 1720 917 1749 αὖ-

214 1760 262 1795 vac
275 1760 348 1791 καθ’
362 1760 458 1791 ἑαυτὸν
477 1760 644 1800 ἐξέπλευσε,
663 1763 739 1791 solus
757 1763 916 1802 navigavit.

214 1805 285 1834 Vid.
300 1810 332 1834 et
346 1805 490 1843 Xenoph.
508 1805 605 1834 Mem.
620 1805 653 1834 S.
671 1804 736 1834 ΙΙΙ.
750 1806 781 1834 5.
798 1805 825 1844 §.
839 1807 870 1834 4.
886 1812 916 1835 et

214 1850 266 1877 11.
283 1850 333 1877 14.
351 1847 377 1886 ξ.
393 1850 424 1878 2.
446 1848 550 1878 lom.

254 1889 349 1920 Ἀλλὰ
371 1891 566 1921 συντέτακται
590 1889 638 1919 καὶ
664 1889 916 1920 συνακολουθεῖ-

208 1933 376 1973 μετριότης]
407 1933 481 1963 Duo
504 1933 606 1972 priora
634 1934 784 1963 vocabula
812 1935 915 1972 sejun-

210 1977 310 2014 genda
335 1976 476 2006 videntur
499 1985 517 2004 a
542 1976 680 2014 reliquis,
709 1981 741 2006 ut
767 1987 805 2005 ex
830 1982 914 2005 ante-

209 2019 390 2048 cedentibus
412 2018 655 2057 subintelligatur
680 2020 720 2048 τὸ.
741 2017 844 2056 ἀγαθὰ
865 2020 914 2049 καὶ

210 2063 250 2091 τὰ
270 2062 357 2091 κακά..
379 2063 534 2101 conjuncta.
553 2066 621 2091 sunt
642 2061 716 2091 bona
736 2072 801 2092 curn
821 2062 914 2091 malis.

207 2105 257 2134 Ita
271 2110 389 2134 constat
405 2104 560 2144 oppositio
580 2104 821 2134 antecedentium
844 2103 916 2134 οὐδὲν

207 2147 277 2178 αὐτὸ
290 2147 449 2177 καθἀὑτό.
471 2148 540 2178 Jam
552 2158 618 2186 quae
631 2147 771 2177 universe
782 2148 820 2177 de
833 2148 914 2177 omni

207 2191 352 2220 bonorum
374 2201 409 2221 ac
426 2191 571 2220 malorum
595 2200 702 2229 genere
721 2190 805 2220 dicta
821 2195 916 2230 erant,

207 2234 348 2272 exemplo
363 2233 512 2264 illustrat:
536 2233 584 2262 καὶ
595 2232 791 2263 συνακολουθεῖ
802 2243 830 2263 ιι.
843 2245 873 2264 τ.
885 2239 913 2263 λ.

210 2277 250 2306 Et
274 2277 317 2306 sic
343 2276 431 2307 verbi
457 2287 560 2311 causa,
588 2282 621 2306 ut
648 2286 712 2306 rem
738 2276 914 2307 distinctius

207 2329 355 2358 exponam
369 2330 376 2348 :
399 2319 446 2349 καὶ
462 2319 492 2349 h.
507 2319 528 2349 1.
543 2319 718 2359 explicandi
734 2319 792 2349 vim
807 2319 911 2349 habet:

206 2362 409 2392 συνακολουθεῖ
421 2373 449 2392 ιι.
461 2374 492 2392 τ.
503 2368 532 2392 λ.
547 2369 771 2401 consequuntur
789 2362 911 2392 divitias

206 2411 239 2435 et
254 2405 404 2444 potentias
422 2405 537 2435 insania
557 2411 589 2435 et
609 2410 719 2444 postea
739 2405 911 2440 insolentia,

206 2447 403 2488 indigentiam
429 2459 501 2478 vero
522 2453 552 2478 et
571 2448 771 2478 humilitatem
794 2454 911 2487 tempe-

204 2492 302 2522 rantia
316 2497 347 2521 et
362 2491 538 2521 moderatio.
570 2492 714 2521 Notanda
727 2496 775 2521 est
788 2492 910 2530 opposi-

206 2534 252 2564 tio
269 2535 429 2565 verborom
447 2533 731 2569 πλοῦτοι-ἔνδειαι,
750 2533 910 2564 δυναστείαι

205 2576 466 2612 -ταπεινότητες,
481 2577 791 2616 ἄνοια-σωφξοσῦνη,
805 2578 909 2606 ἀκολα-

206 2619 254 2650 σία
264 2638 304 2644 ·-—
313 2620 473 2660 μετριότης,
480 2621 591 2651 divieiae
599 2626 813 2659 —paupertas
824 2621 911 2659 impe-

205 2663 479 2699 ria—humilitas,
503 2664 523 2693 i.
535 2675 563 2694 e.
579 2673 682 2693 eorum
703 2663 838 2693 conditio
858 2663 910 2702 qui

206 2705 274 2736 aliis
298 2707 427 2746 subjecti
453 2712 532 2742 sunt,
555 2707 910 2744 amentia—prudentia,

207 2749 357 2779 insolentia
375 2766 419 2772 -—-
434 2750 601 2780 moderatio.
653 2750 700 2779 De
732 2749 910 2778 divitiarum

208 2791 316 2821 damno
334 2793 394 2822 vid.
409 2797 441 2822 et
452 2793 489 2822 ad
506 2793 635 2822 Demon.
649 2792 675 2832 §.
692 2790 730 2824 θ’.
746 2797 778 2821 et
789 2802 910 2831 compa-

209 2838 293 2863 retur
316 2835 440 2874 elegans
465 2836 550 2865 locus
576 2835 702 2865 Luciani
731 2834 760 2863 in
786 2834 911 2864 Timone

211 2876 290 2906 T.1.
312 2880 385 2908 141.
404 2878 456 2909 ubi
483 2879 588 2909 Plutus
613 2878 707 2908 dicit:
736 2876 846 2907 ἐπειδάν
869 2889 913 2910 τις

211 2918 396 2956 ἀναπετασας
416 2932 465 2953 την
483 2920 562 2962 Θύςαν
579 2918 744 2962 εἰσ-δέχεταί
765 2931 816 2959 με,
834 2931 911 2958 συμ-

213 2971 430 3011 παῃισεςχεται
444 2964 514 3003 μετ’
527 2963 597 3005 ἐμοῦ
613 2963 725 2994 λαθὼν’
715 2977 726 2993 ο
737 2963 824 3003 τάφος
836 2974 881 2992 και
898 2976 911 2993 r.

212 3003 296 3034 ἄνοια.
323 3016 410 3044 quern
432 3007 535 3038 laudat
563 3007 710 3038 Willetus
739 3007 775 3036 ad
808 3006 911 3037 Galeni

958 692 1113 731 Protrept.
1130 703 1159 732 p.
1173 694 1225 722 80.
1250 693 1297 722 De
1312 691 1516 721 moderatione
1532 702 1600 721 cnm
1615 691 1660 721 in-

957 735 1028 773 opia
1051 736 1213 773 conjuncta
1235 735 1272 764 ad
1294 735 1415 765 Nicocl.
1441 734 1467 774 §.
1490 732 1532 764 5¹.
1554 735 1583 763 αῖ
1607 736 1661 775 γὰρ

955 776 1139 817 μετριότητες
1156 777 1288 818 (iuquit)
1301 779 1415 816 μᾶλλον
1431 775 1456 806 ἓν
1472 778 1538 811 ταῖς
1552 775 1661 811 ἐνδείαις

957 819 972 850 ἦ
988 821 1053 853 ταῖς
1067 820 1233 859 ὑπεξβολαῖς
1245 821 1399 860 ἰσχύουσιν.
1422 821 1470 850 Ne
1482 820 1558 849 forte
1571 830 1661 859 quem

956 862 1090 891 offendat
1104 863 1142 902 τῇ
1157 861 1230 901 ἀνοία
1246 863 1275 892 Ιι.
1289 864 1309 891 Ι.
1323 863 1436 901 opponi
1451 863 1500 891 τὴν
1514 861 1660 901 σωφξοσύ-

955 914 996 933 νην
1014 914 1079 932 cum
1105 904 1168 933 haec
1185 905 1283 933 soleat
1303 905 1474 942 significare
1497 910 1660 942 temperau-

955 946 1038 985 tiam,
1053 945 1140 981 sciat,
1158 946 1184 975 si
1199 946 1413 985 etymologiam
1429 951 1562 985 spectes,
1577 952 1660 976 recte

954 987 1077 1017 alteram
1095 988 1182 1018 alteri
1197 989 1326 1028 opponi:
1351 995 1399 1018 est
1416 989 1493 1018 enim
1515 989 1590 1018 ἶινοια
1610 990 1660 1019 ab·

952 1032 1042 1060 sentia
1059 1032 1171 1066 mentis,
1190 1030 1346 1071 σωφροσύνη
1364 1033 1472 1062 sanitas
1490 1032 1604 1066 mentis,
1622 1042 1659 1062 ex

952 1072 1014 1106 σόος
1038 1074 1134 1104 salvus
1159 1078 1190 1104 et
1218 1076 1283 1114 φρῆν
1305 1084 1392 1104 mens.
1435 1074 1584 1104 Similiter
1607 1085 1657 1114 ap.

955 1116 1100 1155 Xenoph.
1117 1117 1212 1147 Mem.
1229 1120 1259 1147 S.
1277 1116 1302 1147 I.
1321 1119 1352 1148 3.
1367 1121 1397 1149 9.
1421 1122 1616 1156 opponuntur
1635 1118 1657 1147 οἱ

953 1159 1110 1200 σωφρονικοὶ
1137 1161 1198 1195 τοῖς
1224 1160 1345 1194 ἀνοήτοις
1375 1171 1414 1190 ex
1443 1159 1657 1190 emendatione

952 1203 1100 1239 Schutzii,
1124 1204 1176 1242 qni
1196 1204 1226 1233 in
1251 1204 1394 1242 Append.
1416 1205 1507 1233 Obss.
1532 1213 1562 1242 p.
1580 1203 1656 1234 185.

950 1251 1033 1276 recte
1055 1250 1158 1276 monet
1180 1245 1342 1287 σωφξονικόν
1361 1247 1485 1285 proprie
1511 1246 1656 1276 denotare

950 1287 1091 1319 hominem
1109 1299 1187 1319 sanae
1204 1290 1318 1325 mentis,
1337 1287 1445 1320 ἀνόητον
1462 1290 1598 1319 insanum
1619 1299 1655 1318 ac

949 1333 1116 1362 dementem.
1143 1333 1257 1362 Eadem
1274 1331 1476 1371 oppositionis
1493 1331 1570 1362 ratio
1586 1342 1654 1361 esse

949 1375 1073 1404 videtur
1094 1376 1124 1404 iu
1145 1376 1213 1405 loco
1233 1375 1383 1405 Isocratis
1402 1376 1441 1405 de
1464 1375 1546 1405 Pace
1562 1374 1587 1414 §.
1602 1373 1655 1405 κθ.

948 1419 1077 1447 τοσοῦτον
1087 1417 1114 1448 δέ
1124 1417 1262 1456 διήνεγκαν
1273 1419 1310 1448 ἂν
1317 1416 1343 1448 σι’
1349 1430 1368 1458 ᾳ
1377 1418 1490 1448 πάντων
1500 1416 1654 1458 &requivam

947 1461 1023 1490 αιστε
1038 1472 1102 1495 τους
1115 1460 1169 1500 μὲν
1187 1461 1292 1495 ἄλλους
1311 1461 1341 1490 αἶ
1363 1461 1509 1501 συμφοςαι
1527 1459 1656 1490 συστέλ-

948 1509 1028 1534 λουσι
1051 1515 1099 1532 και
1124 1505 1232 1536 ποιοῦσι
1254 1504 1498 1546 σωφξονεττέρους,
1517 1502 1608 1534 ἐκεῖνοι
1631 1502 1657 1533 δ’

948 1545 1000 1576 οὔδ’
1029 1546 1083 1576 ὑπὸ
1112 1546 1216 1577 τούτων
1242 1546 1460 1578 {mamone-ar.
1510 1546 1657 1577 Similiter

949 1594 1031 1619 certe
1053 1590 1196 1620 Socrates
1219 1600 1268 1629 ap.
1291 1590 1439 1630 Xenoph.
1460 1591 1556 1620 Mem.
1576 1591 1605 1620 Ι.
1624 1593 1656 1621 1.

949 1634 1000 1663 16.
1014 1632 1184 1673 σωφςοσύνην
1198 1633 1326 1672 opponit
1342 1632 1440 1672 μανίᾳ,
1455 1633 1492 1662 ad
1507 1642 1596 1672 quem
1611 1632 1658 1662 lo·

950 1685 1018 1705 cum
1039 1676 1243 1705 Schneiderus
1261 1675 1390 1706 similem
1409 1676 1548 1705 Platonis
1569 1675 1659 1705 affert

950 1729 989 1748 ex
1012 1719 1113 1748 Alcib.
1131 1719 1172 1748 ll.
1197 1717 1230 1747 τὸ
1256 1716 1407 1757 μαίνεσθαι
1427 1715 1480 1758 (ἶςα
1503 1717 1657 1748 ὑπεναντίον

949 1773 991 1791 σοι
1007 1761 1082 1791 δοκεῖ
1092 1761 1131 1802 τῇ
1144 1762 1312 1803 σωφςοσύνῃ.
1336 1763 1488 1791 Isocrates
1503 1762 1567 1794 τοὺς
1582 1761 1659 1791 ἀνοή-

949 1815 1013 1838 τους
1041 1806 1101 1838 τοῖς
1130 1804 1267 1844 φρονίμοις
1297 1804 1443 1845 opposuit
1475 1804 1505 1833 in
1536 1803 1658 1834 Nicocl.

949 1846 974 1886 ᾗ.
990 1848 1029 1884 γ’.
1047 1849 1110 1880 τοὺς
1125 1847 1313 1887 ἀνοητοτέρους
1331 1848 1391 1881 τοῖς
1405 1845 1611 1887 φξονιμωτὲροις
1626 1850 1659 1877 et

948 1890 997 1920 τὴν
1009 1889 1097 1919 ἄνοιαν
1111 1890 1148 1930 τῇ
1162 1890 1261 1929 διανοίᾳ
1277 1891 1315 1920 ad
1331 1890 1451 1920 Nicocl.
1468 1889 1494 1929 §.
1507 1889 1540 1919 δ’.
1557 1896 1587 1919 et
1600 1891 1657 1920 Pa-

948 1934 1029 1962 nath.
1056 1933 1082 1972 ᾗ.
1099 1932 1141 1971 4¹.
1166 1933 1276 1967 Aliter,
1295 1938 1336 1968 et,
1359 1934 1384 1962 si
1403 1943 1490 1963 usum
1510 1933 1658 1972 loquendi

948 1981 1083 2015 spectes,
1099 1976 1269 2006 accuratius
1284 1976 1412 2005 sortasse
1426 1976 1552 2006 Aristot.
1563 1976 1656 2007 Rhet.

947 2019 976 2048 Ι.
997 2020 1026 2049 9.
1048 2022 1099 2049 12.
1119 2018 1290 2058 σωφξοσύνην
1307 2018 1435 2058 opponit
1452 2017 1605 2058 ἀκολασία,
1625 2023 1657 2048 et

948 2061 994 2090 II.
1015 2064 1066 2092 23.
1092 2065 1122 2092 2.
1147 2062 1179 2091 τὸ
1208 2063 1349 2101 σωφξονεῖν
1373 2061 1415 2099 τῷ
1435 2060 1655 2092 ἀκολασταίνειν.

948 2105 1062 2134 Nostro
1080 2110 1179 2135 autem
1195 2105 1263 2134 loco
1279 2104 1420 2133 ἀκολασία
1436 2114 1503 2134 cum
1520 2102 1594 2144 ἀνοίᾳ
1612 2104 1656 2134 ita

948 2147 1149 2186 conjungitur,
1173 2153 1206 2176 ut
1222 2158 1260 2176 ex
1277 2148 1332 2177 hac
1348 2147 1426 2176 illam
1448 2147 1521 2176 oriri
1537 2147 1654 2185 signiti-

948 2196 1043 2220 cetur.
1067 2191 1147 2220 Hinc
1163 2190 1235 2219 ἄνοια
1249 2190 1360 2220 nonita
1371 2189 1551 2229 accipienda
1561 2195 1610 2220 est
1619 2200 1655 2220 ac

948 2233 976 2262 si
999 2233 1112 2263 divites
1141 2243 1212 2263 sana
1236 2238 1336 2262 mente
1357 2237 1490 2268 careant,
1517 2233 1570 2263 sed
1597 2234 1655 2263 hoc

948 2276 1007 2305 sibi
1020 2276 1085 2306 vult
1098 2278 1250 2306 Isocrates
1261 2286 1314 2306 eos
1327 2285 1400 2305 sana
1412 2280 1511 2306 mente
1522 2286 1581 2306 non
1597 2276 1654 2311 uti,

946 2324 1061 2348 temere
1076 2324 1107 2350 et
1126 2319 1348 2349 inconsiderate
1363 2329 1471 2357 agere:
1494 2318 1652 2360 σωφροσύνη

945 2362 1058 2391 indicat
1079 2372 1230 2401 pauperes
1251 2367 1281 2392 et
1301 2361 1411 2392 humili
1436 2361 1504 2391 loco
1531 2362 1652 2401 positos

941 2405 1104 2444 prudenter
1131 2415 1232 2445 agere,
1257 2405 1279 2435 i.
1299 2415 1326 2434 e.
1349 2415 1419 2435 cum
1441 2414 1513 2434 sana
1537 2409 1652 2441 mente,

945 2448 1080 2478 adhibito
1098 2448 1227 2478 consilio
1243 2452 1272 2477 et
1287 2449 1431 2487 cogitate.
1469 2448 1582 2477 Sensus
1597 2447 1653 2478 ita-

945 2501 1003 2529 que
1019 2491 1112 2521 totius
1127 2491 1186 2520 loci
1202 2491 1260 2521 huc
1275 2491 1335 2520 fere
1351 2490 1445 2520 redit:
1462 2490 1495 2520 Si
1507 2490 1558 2530 qui
1572 2490 1652 2521 divi-

945 2539 990 2563 tes
1007 2538 1037 2563 et
1053 2539 1194 2573 potentes
1212 2538 1291 2569 sunt,
1308 2533 1338 2563 hi
1353 2534 1383 2563 in
1398 2543 1454 2563 usu
1475 2533 1652 2564 divitiarum

945 2583 974 2606 et
989 2577 1148 2616 potestatis
1165 2587 1228 2607 suae
1240 2587 1299 2606 non
1314 2582 1440 2607 utuntur
1455 2576 1584 2612 ratione,
1595 2577 1651 2606 sed

944 2624 1055 2650 temere
1068 2627 1170 2659 agunt,
1182 2620 1262 2650 uude
1275 2620 1307 2650 fit
1319 2625 1352 2649 nt
1364 2620 1394 2649 in
1411 2619 1566 2650 lasciviam
1582 2619 1649 2650 sive

943 2662 1205 2702 intemperantiam
1230 2662 1384 2693 incidant:
1419 2662 1469 2701 qui
1496 2667 1595 2692 autem
1620 2662 1651 2692 in

943 2706 1045 2745 inopia
1059 2712 1090 2736 et
1102 2706 1209 2736 humili
1223 2706 1291 2736 loco
1309 2710 1476 2742 versantur,
1488 2705 1519 2734 hi
1531 2715 1567 2735 eo
1582 2705 1650 2744 ipso

944 2753 1091 2787 coguntur
1112 2749 1260 2789 parvulis,
1283 2759 1358 2798 quas
1378 2749 1503 2784 habent,
1525 2748 1648 2786 opibus,

944 2792 1060 2822 ratione
1080 2797 1112 2822 et.
1127 2793 1289 2832 prudenter
1305 2792 1360 2828 uti,
1377 2801 1472 2830 neque
1490 2790 1599 2819 elatius
1616 2796 1646 2819 et

945 2835 1106 2874 superbius
1130 2846 1196 2865 sese
1220 2845 1337 2874 gerere,
1365 2835 1444 2865 unde
1470 2834 1502 2863 tit
1527 2838 1560 2862 ut
1582 2831 1645 2862 sint

943 2877 1064 2918 μέτριοι,
1090 2884 1123 2908 ut
1148 2878 1269 2908 modum
1298 2883 1330 2908 et
1354 2876 1590 2908 mediocritatem
1614 2874 1644 2903 in

945 2921 1083 2952 omnibus
1098 2922 1189 2952 rebus
1204 2926 1336 2951 servent.
1371 2921 1418 2950 De
1434 2918 1543 2959 plurali
1557 2917 1643 2948 πλού

945 2976 1001 2999 τοις
1016 2965 1054 2995 ef.
1070 2965 1193 2996 Coraes.
1218 2965 1318 2995 los-:m-
