<?xml version="1.0" encoding="UTF-8"?>
<!DOCTYPE html PUBLIC "-//W3C//DTD XHTML 1.0 Transitional//EN"
    "http://www.w3.org/TR/xhtml1/DTD/xhtml1-transitional.dtd">
<html xmlns="http://www.w3.org/1999/xhtml" xml:lang="en" lang="en">
 <head>
  <title>
</title>
<meta http-equiv="Content-Type" content="text/html;charset=utf-8" />
  <meta name='ocr-system' content='tesseract 3.04.00' />
  <meta name='ocr-capabilities' content='ocr_page ocr_carea ocr_par ocr_line ocrx_word'/>
</head>
<body>
  <div class='ocr_page' id='page_1' title='image "./oratoresatticie03dobs/oratoresatticie03dobs_0181.png"; bbox 0 0 1924 3314; ppageno 0'>
   <div class='ocr_carea' id='block_1_1' title="bbox 0 2421 6 2934">
    <p class='ocr_par' dir='ltr' id='par_1_1' title="bbox 0 2421 6 2934">
     <span class='ocr_line' id='line_1_1' title="bbox 0 2421 6 2934; baseline 0 0"><span class='ocrx_word' id='word_1_1' title='bbox 0 2421 6 2934; x_wconf 95' lang='lat' dir='ltr'> </span> 
     </span>
    </p>
   </div>
   <div class='ocr_carea' id='block_1_2' title="bbox 452 221 1590 269">
    <p class='ocr_par' dir='ltr' id='par_1_2' title="bbox 452 221 1590 269">
     <span class='ocr_line' id='line_1_2' title="bbox 452 221 1590 269; baseline -0.003 -3"><span class='ocrx_word' id='word_1_2' title='bbox 452 225 533 266; x_wconf 93' lang='lat' dir='ltr'>DE</span> <span class='ocrx_word' id='word_1_3' title='bbox 563 223 858 266; x_wconf 88' lang='lat' dir='ltr'><strong>TEMPORE</strong></span> <span class='ocrx_word' id='word_1_4' title='bbox 890 221 1288 269; x_wconf 87' lang='lat' dir='ltr'>PANEGYRICI.</span> <span class='ocrx_word' id='word_1_5' title='bbox 1513 222 1590 263; x_wconf 83' lang='lat'>159</span> 
     </span>
    </p>
   </div>
   <div class='ocr_carea' id='block_1_3' title="bbox 157 337 1629 3037">
    <p class='ocr_par' dir='ltr' id='par_1_3' title="bbox 157 337 1592 453">
     <span class='ocr_line' id='line_1_3' title="bbox 157 337 1592 391; baseline -0.004 -11"><span class='ocrx_word' id='word_1_6' title='bbox 157 348 196 380; x_wconf 90' lang='lat' dir='ltr'>et</span> <span class='ocrx_word' id='word_1_7' title='bbox 212 341 366 380; x_wconf 82' lang='lat' dir='ltr'>Rostius</span> <span class='ocrx_word' id='word_1_8' title='bbox 384 343 541 378; x_wconf 88' lang='lat' dir='ltr'>eandem</span> <span class='ocrx_word' id='word_1_9' title='bbox 562 340 844 391; x_wconf 84' lang='lat' dir='ltr'>expeditionem</span> <span class='ocrx_word' id='word_1_10' title='bbox 865 353 948 377; x_wconf 89' lang='lat' dir='ltr'>cum</span> <span class='ocrx_word' id='word_1_11' title='bbox 971 340 1084 376; x_wconf 89' lang='lat' dir='ltr'>Moro</span> <span class='ocrx_word' id='word_1_12' title='bbox 1104 345 1272 382; x_wconf 89' lang='lat' dir='ltr'>sumunt,</span> <span class='ocrx_word' id='word_1_13' title='bbox 1293 337 1445 376; x_wconf 88' lang='lat' dir='ltr'>diverso</span> <span class='ocrx_word' id='word_1_14' title='bbox 1465 343 1592 375; x_wconf 89' lang='lat' dir='ltr'>autem</span> 
     </span>
     <span class='ocr_line' id='line_1_4' title="bbox 159 401 996 453; baseline -0.005 -12"><span class='ocrx_word' id='word_1_15' title='bbox 159 402 287 449; x_wconf 90' lang='lat' dir='ltr'>modo,</span> <span class='ocrx_word' id='word_1_16' title='bbox 307 403 355 441; x_wconf 91' lang='lat' dir='ltr'>de</span> <span class='ocrx_word' id='word_1_17' title='bbox 371 416 449 453; x_wconf 92' lang='lat' dir='ltr'>quo</span> <span class='ocrx_word' id='word_1_18' title='bbox 469 416 597 453; x_wconf 88' lang='lat' dir='ltr'>supra,</span> <span class='ocrx_word' id='word_1_19' title='bbox 617 402 810 451; x_wconf 84' lang='lat' dir='ltr'>explicare</span> <span class='ocrx_word' id='word_1_20' title='bbox 828 401 996 439; x_wconf 88' lang='lat' dir='ltr'><strong>student.</strong></span> 
     </span>
    </p>

    <p class='ocr_par' dir='ltr' id='par_1_4' title="bbox 160 460 1629 3037">
     <span class='ocr_line' id='line_1_5' title="bbox 212 460 1595 513; baseline -0.004 -11"><span class='ocrx_word' id='word_1_21' title='bbox 212 463 288 502; x_wconf 87' lang='lat' dir='ltr'>Sed</span> <span class='ocrx_word' id='word_1_22' title='bbox 309 464 383 501; x_wconf 88' lang='lat' dir='ltr'>hoc</span> <span class='ocrx_word' id='word_1_23' title='bbox 404 463 546 501; x_wconf 91' lang='lat' dir='ltr'>bellum</span> <span class='ocrx_word' id='word_1_24' title='bbox 568 463 727 513; x_wconf 84' lang='lat' dir='ltr'>intelligi</span> <span class='ocrx_word' id='word_1_25' title='bbox 746 463 892 513; x_wconf 85' lang='lat' dir='ltr'>nequit.</span> <span class='ocrx_word' id='word_1_26' title='bbox 948 462 1076 499; x_wconf 87' lang='lat' dir='ltr'>Solum</span> <span class='ocrx_word' id='word_1_27' title='bbox 1094 461 1331 500; x_wconf 84' lang='lat' dir='ltr'>Pharnabazi</span> <span class='ocrx_word' id='word_1_28' title='bbox 1351 474 1486 498; x_wconf 88' lang='lat' dir='ltr'>nomen</span> <span class='ocrx_word' id='word_1_29' title='bbox 1500 460 1595 498; x_wconf 90' lang='lat' dir='ltr'>nihil</span> 
     </span>
     <span class='ocr_line' id='line_1_6' title="bbox 160 522 1598 575; baseline -0.002 -13"><span class='ocrx_word' id='word_1_30' title='bbox 160 525 323 575; x_wconf 82' lang='lat' dir='ltr'>probare</span> <span class='ocrx_word' id='word_1_31' title='bbox 343 538 418 562; x_wconf 86' lang='lat' dir='ltr'>non</span> <span class='ocrx_word' id='word_1_32' title='bbox 435 531 505 569; x_wconf 88' lang='lat' dir='ltr'>est,</span> <span class='ocrx_word' id='word_1_33' title='bbox 525 525 628 574; x_wconf 93' lang='lat' dir='ltr'>quod</span> <span class='ocrx_word' id='word_1_34' title='bbox 650 524 822 574; x_wconf 88' lang='lat' dir='ltr'>pluribus</span> <span class='ocrx_word' id='word_1_35' title='bbox 838 523 964 561; x_wconf 91' lang='lat' dir='ltr'>verbis</span> <span class='ocrx_word' id='word_1_36' title='bbox 983 524 1161 568; x_wconf 89' lang='lat' dir='ltr'>doceam;</span> <span class='ocrx_word' id='word_1_37' title='bbox 1193 523 1285 560; x_wconf 90' lang='lat' dir='ltr'>illud</span> <span class='ocrx_word' id='word_1_38' title='bbox 1299 530 1425 560; x_wconf 85' lang='lat' dir='ltr'>autem</span> <span class='ocrx_word' id='word_1_39' title='bbox 1444 522 1598 568; x_wconf 91' lang='lat' dir='ltr'>bellum,</span> 
     </span>
     <span class='ocr_line' id='line_1_7' title="bbox 161 585 1598 636; baseline -0.002 -13"><span class='ocrx_word' id='word_1_40' title='bbox 161 586 266 636; x_wconf 88' lang='lat' dir='ltr'>quod</span> <span class='ocrx_word' id='word_1_41' title='bbox 288 586 536 636; x_wconf 84' lang='lat' dir='ltr'>Olympiadis</span> <span class='ocrx_word' id='word_1_42' title='bbox 550 586 617 624; x_wconf 89' lang='lat' dir='ltr'>CI.</span> <span class='ocrx_word' id='word_1_43' title='bbox 630 599 731 623; x_wconf 91' lang='lat' dir='ltr'>anno</span> <span class='ocrx_word' id='word_1_44' title='bbox 750 586 824 623; x_wconf 81' lang='lat'>111.</span> <span class='ocrx_word' id='word_1_45' title='bbox 838 586 1066 636; x_wconf 87' lang='lat' dir='ltr'>assignatur,</span> <span class='ocrx_word' id='word_1_46' title='bbox 1090 597 1310 634; x_wconf 82' lang='lat' dir='ltr'>quanquam</span> <span class='ocrx_word' id='word_1_47' title='bbox 1332 585 1459 634; x_wconf 90' lang='lat' dir='ltr'>plures</span> <span class='ocrx_word' id='word_1_48' title='bbox 1478 596 1598 621; x_wconf 88' lang='lat' dir='ltr'>annos</span> 
     </span>
     <span class='ocr_line' id='line_1_8' title="bbox 162 643 1600 697; baseline -0.003 -13"><span class='ocrx_word' id='word_1_49' title='bbox 162 647 334 697; x_wconf 85' lang='lat' dir='ltr'>parando</span> <span class='ocrx_word' id='word_1_50' title='bbox 356 647 446 684; x_wconf 90' lang='lat' dir='ltr'>belli</span> <span class='ocrx_word' id='word_1_51' title='bbox 473 654 659 697; x_wconf 85' lang='lat' dir='ltr'>apparatu</span> <span class='ocrx_word' id='word_1_52' title='bbox 687 647 941 697; x_wconf 83' lang='lat' dir='ltr'>insumpserat</span> <span class='ocrx_word' id='word_1_53' title='bbox 968 646 1252 690; x_wconf 87' lang='lat' dir='ltr'>Pharnabazus,</span> <span class='ocrx_word' id='word_1_54' title='bbox 1278 657 1348 695; x_wconf 89' lang='lat' dir='ltr'>per</span> <span class='ocrx_word' id='word_1_55' title='bbox 1371 644 1489 682; x_wconf 76' lang='lat' dir='ltr'>unius</span> <span class='ocrx_word' id='word_1_56' title='bbox 1511 643 1600 681; x_wconf 89' lang='lat' dir='ltr'>anni</span> 
     </span>
     <span class='ocr_line' id='line_1_9' title="bbox 163 707 1600 758; baseline -0.001 -13"><span class='ocrx_word' id='word_1_57' title='bbox 163 709 330 758; x_wconf 89' lang='lat' dir='ltr'>spatium</span> <span class='ocrx_word' id='word_1_58' title='bbox 362 708 414 745; x_wconf 84' lang='lat' dir='ltr'>ita</span> <span class='ocrx_word' id='word_1_59' title='bbox 441 716 588 758; x_wconf 87' lang='lat' dir='ltr'>gestum</span> <span class='ocrx_word' id='word_1_60' title='bbox 610 716 681 755; x_wconf 83' lang='lat' dir='ltr'>est,</span> <span class='ocrx_word' id='word_1_61' title='bbox 703 716 744 746; x_wconf 90' lang='lat' dir='ltr'>ut</span> <span class='ocrx_word' id='word_1_62' title='bbox 764 708 1034 745; x_wconf 82' lang='lat' dir='ltr'>Pharnabazus</span> <span class='ocrx_word' id='word_1_63' title='bbox 1062 714 1099 745; x_wconf 86' lang='lat' dir='ltr'>et</span> <span class='ocrx_word' id='word_1_64' title='bbox 1127 707 1339 757; x_wconf 86' lang='lat' dir='ltr'>Iphicrates</span> <span class='ocrx_word' id='word_1_65' title='bbox 1368 720 1414 744; x_wconf 84' lang='lat' dir='ltr'>ex</span> <span class='ocrx_word' id='word_1_66' title='bbox 1433 708 1600 757; x_wconf 81' lang='lat' dir='ltr'>AEgypto</span> 
     </span>
     <span class='ocr_line' id='line_1_10' title="bbox 166 768 1600 808; baseline -0.001 -1"><span class='ocrx_word' id='word_1_67' title='bbox 166 770 345 808; x_wconf 87' lang='lat' dir='ltr'>recedere</span> <span class='ocrx_word' id='word_1_68' title='bbox 364 770 564 808; x_wconf 88' lang='lat' dir='ltr'>deberent.</span> <span class='ocrx_word' id='word_1_69' title='bbox 609 770 783 808; x_wconf 89' lang='lat' dir='ltr'>Navibus</span> <span class='ocrx_word' id='word_1_70' title='bbox 797 770 898 807; x_wconf 91' lang='lat' dir='ltr'>enim</span> <span class='ocrx_word' id='word_1_71' title='bbox 915 776 1160 807; x_wconf 86' lang='lat' dir='ltr'>accesserunt</span> <span class='ocrx_word' id='word_1_72' title='bbox 1177 769 1341 806; x_wconf 89' lang='lat' dir='ltr'>Diodor.</span> <span class='ocrx_word' id='word_1_73' title='bbox 1356 769 1433 806; x_wconf 91' lang='lat' dir='ltr'>Sic.</span> <span class='ocrx_word' id='word_1_74' title='bbox 1446 769 1471 807; x_wconf 92' lang='lat' dir='ltr'>l.</span> <span class='ocrx_word' id='word_1_75' title='bbox 1490 768 1600 806; x_wconf 92' lang='lat' dir='ltr'>XIV.</span> 
     </span>
     <span class='ocr_line' id='line_1_11' title="bbox 167 830 1602 882; baseline -0.001 -14"><span class='ocrx_word' id='word_1_76' title='bbox 167 845 203 868; x_wconf 90' lang='lat' dir='ltr'>c.</span> <span class='ocrx_word' id='word_1_77' title='bbox 222 835 287 868; x_wconf 88' lang='grc'>41.</span> <span class='ocrx_word' id='word_1_78' title='bbox 307 835 372 869; x_wconf 83' lang='grc'>42.</span> <span class='ocrx_word' id='word_1_79' title='bbox 393 832 562 882; x_wconf 85' lang='lat' dir='ltr'>Polyaen.</span> <span class='ocrx_word' id='word_1_80' title='bbox 582 839 689 869; x_wconf 86' lang='lat' dir='ltr'>strat.</span> <span class='ocrx_word' id='word_1_81' title='bbox 707 831 780 869; x_wconf 85' lang='lat'><em>111.</em></span> <span class='ocrx_word' id='word_1_82' title='bbox 797 836 861 869; x_wconf 84' lang='lat'>38.</span> <span class='ocrx_word' id='word_1_83' title='bbox 884 830 1068 867; x_wconf 87' lang='lat' dir='ltr'>militibus</span> <span class='ocrx_word' id='word_1_84' title='bbox 1094 831 1278 879; x_wconf 87' lang='lat' dir='ltr'>expositis</span> <span class='ocrx_word' id='word_1_85' title='bbox 1311 830 1507 867; x_wconf 90' lang='lat' dir='ltr'>castellum</span> <span class='ocrx_word' id='word_1_86' title='bbox 1530 843 1602 880; x_wconf 90' lang='lat' dir='ltr'>op-</span> 
     </span>
     <span class='ocr_line' id='line_1_12' title="bbox 167 890 1605 942; baseline 0 -14"><span class='ocrx_word' id='word_1_87' title='bbox 167 898 383 942; x_wconf 86' lang='lat' dir='ltr'>pugnarunt</span> <span class='ocrx_word' id='word_1_88' title='bbox 404 891 565 929; x_wconf 87' lang='lat' dir='ltr'>Diodor.</span> <span class='ocrx_word' id='word_1_89' title='bbox 587 891 664 928; x_wconf 83' lang='lat' dir='ltr'>Sic.</span> <span class='ocrx_word' id='word_1_90' title='bbox 687 891 711 928; x_wconf 92' lang='lat' dir='ltr'>l.</span> <span class='ocrx_word' id='word_1_91' title='bbox 733 897 767 928; x_wconf 85' lang='lat'>1.</span> <span class='ocrx_word' id='word_1_92' title='bbox 788 904 823 928; x_wconf 90' lang='lat' dir='ltr'>c.</span> <span class='ocrx_word' id='word_1_93' title='bbox 844 895 908 928; x_wconf 80' lang='lat'>42.</span> <span class='ocrx_word' id='word_1_94' title='bbox 925 898 963 927; x_wconf 92' lang='lat' dir='ltr'>et</span> <span class='ocrx_word' id='word_1_95' title='bbox 990 890 1082 927; x_wconf 90' lang='lat' dir='ltr'>Nilo</span> <span class='ocrx_word' id='word_1_96' title='bbox 1111 902 1262 926; x_wconf 89' lang='lat' dir='ltr'>omnem</span> <span class='ocrx_word' id='word_1_97' title='bbox 1287 891 1477 939; x_wconf 85' lang='lat' dir='ltr'>regionem</span> <span class='ocrx_word' id='word_1_98' title='bbox 1497 891 1605 928; x_wconf 86' lang='lat' dir='ltr'>inun-</span> 
     </span>
     <span class='ocr_line' id='line_1_13' title="bbox 167 952 1604 1002; baseline 0.001 -13"><span class='ocrx_word' id='word_1_99' title='bbox 167 953 284 990; x_wconf 89' lang='lat' dir='ltr'>dante</span> <span class='ocrx_word' id='word_1_100' title='bbox 313 966 359 989; x_wconf 87' lang='lat' dir='ltr'>ex</span> <span class='ocrx_word' id='word_1_101' title='bbox 393 953 560 1002; x_wconf 84' lang='lat' dir='ltr'>AEgypto</span> <span class='ocrx_word' id='word_1_102' title='bbox 592 952 849 989; x_wconf 84' lang='lat' dir='ltr'>discesserunt</span> <span class='ocrx_word' id='word_1_103' title='bbox 868 952 918 989; x_wconf 93' lang='lat' dir='ltr'>ib.</span> <span class='ocrx_word' id='word_1_104' title='bbox 936 954 1049 989; x_wconf 85' lang='lat' dir='ltr'><strong>c.43.</strong></span> <span class='ocrx_word' id='word_1_105' title='bbox 1114 952 1304 988; x_wconf 85' lang='lat' dir='ltr'>Isocrates</span> <span class='ocrx_word' id='word_1_106' title='bbox 1335 957 1461 988; x_wconf 86' lang='lat' dir='ltr'>autem</span> <span class='ocrx_word' id='word_1_107' title='bbox 1483 965 1517 988; x_wconf 91' lang='lat' dir='ltr'>c.</span> <span class='ocrx_word' id='word_1_108' title='bbox 1541 957 1604 990; x_wconf 84' lang='lat'>35.</span> 
     </span>
     <span class='ocr_line' id='line_1_14' title="bbox 168 1011 1607 1062; baseline 0 -12"><span class='ocrx_word' id='word_1_109' title='bbox 168 1014 311 1050; x_wconf 80' lang='lat' dir='ltr'>diserte</span> <span class='ocrx_word' id='word_1_110' title='bbox 333 1014 448 1051; x_wconf 86' lang='lat' dir='ltr'>dicit:</span> <span class='ocrx_word' id='word_1_111' title='bbox 478 1015 536 1050; x_wconf 87' lang='grc' dir='ltr'>καὶ</span> <span class='ocrx_word' id='word_1_112' title='bbox 560 1019 700 1062; x_wconf 87' lang='grc' dir='ltr'>πρῶτον</span> <span class='ocrx_word' id='word_1_113' title='bbox 718 1013 788 1059; x_wconf 76' lang='grc' dir='ltr'>μὲν</span> <span class='ocrx_word' id='word_1_114' title='bbox 806 1012 1023 1058; x_wconf 79' lang='grc' dir='ltr'>ἀποστάσης</span> <span class='ocrx_word' id='word_1_115' title='bbox 1050 1013 1259 1060; x_wconf 80' lang='grc' dir='ltr'>Αἰγύπτου,</span> <span class='ocrx_word' id='word_1_116' title='bbox 1279 1015 1314 1049; x_wconf 88' lang='grc' dir='ltr'>τί</span> <span class='ocrx_word' id='word_1_117' title='bbox 1342 1011 1607 1062; x_wconf 73' lang='grc' dir='ltr'>ἕιαπέπρακται</span> 
     </span>
     <span class='ocr_line' id='line_1_15' title="bbox 168 1073 1608 1126; baseline 0 -14"><span class='ocrx_word' id='word_1_118' title='bbox 168 1076 259 1125; x_wconf 85' lang='grc' dir='ltr'>πρὸς</span> <span class='ocrx_word' id='word_1_119' title='bbox 277 1074 359 1117; x_wconf 73' lang='grc' dir='ltr'>τοὺς</span> <span class='ocrx_word' id='word_1_120' title='bbox 377 1074 535 1126; x_wconf 79' lang='grc' dir='ltr'>ἔχοντας</span> <span class='ocrx_word' id='word_1_121' title='bbox 550 1077 684 1119; x_wconf 80' lang='grc' dir='ltr'>αὒτὴν;</span> <span class='ocrx_word' id='word_1_122' title='bbox 705 1073 785 1113; x_wconf 79' lang='grc' dir='ltr'>Οὐκ</span> <span class='ocrx_word' id='word_1_123' title='bbox 796 1075 930 1117; x_wconf 79' lang='grc' dir='ltr'>ἐκεῖνος</span> <span class='ocrx_word' id='word_1_124' title='bbox 945 1075 982 1124; x_wconf 87' lang='grc' dir='ltr'>(ὁ</span> <span class='ocrx_word' id='word_1_125' title='bbox 997 1073 1193 1120; x_wconf 74' lang='grc' dir='ltr'>βασιλεὺς)</span> <span class='ocrx_word' id='word_1_126' title='bbox 1207 1074 1277 1123; x_wconf 85' lang='grc' dir='ltr'>μὲν</span> <span class='ocrx_word' id='word_1_127' title='bbox 1288 1073 1350 1126; x_wconf 21' lang='grc' dir='ltr'>’ἐπὶ</span> <span class='ocrx_word' id='word_1_128' title='bbox 1367 1073 1432 1111; x_wconf 87' lang='grc' dir='ltr'>τὸν</span> <span class='ocrx_word' id='word_1_129' title='bbox 1445 1075 1608 1124; x_wconf 84' lang='grc' dir='ltr'>πόλεμον</span> 
     </span>
     <span class='ocr_line' id='line_1_16' title="bbox 168 1134 1610 1187; baseline -0.001 -13"><span class='ocrx_word' id='word_1_130' title='bbox 168 1142 295 1174; x_wconf 85' lang='grc' dir='ltr'>τοῦτον</span> <span class='ocrx_word' id='word_1_131' title='bbox 328 1137 534 1187; x_wconf 71' lang='grc' dir='ltr'>κατέπεμψε</span> <span class='ocrx_word' id='word_1_132' title='bbox 565 1135 649 1178; x_wconf 71' lang='grc' dir='ltr'>τοὺς</span> <span class='ocrx_word' id='word_1_133' title='bbox 685 1136 988 1187; x_wconf 70' lang='grc' dir='ltr'>εὖέοκιμωτάτους</span> <span class='ocrx_word' id='word_1_134' title='bbox 1019 1134 1181 1185; x_wconf 81' lang='grc' dir='ltr'>Περσῶν</span> <span class='ocrx_word' id='word_1_135' title='bbox 1213 1134 1516 1185; x_wconf 79' lang='grc' dir='ltr'>Ἀκροκόμαν,</span> <span class='ocrx_word' id='word_1_136' title='bbox 1551 1137 1610 1174; x_wconf 81' lang='grc' dir='ltr'>καὶ</span> 
     </span>
     <span class='ocr_line' id='line_1_17' title="bbox 168 1194 1608 1249; baseline -0.001 -14"><span class='ocrx_word' id='word_1_137' title='bbox 168 1198 481 1248; x_wconf 80' lang='grc' dir='ltr'>Τιθραύστην,</span> <span class='ocrx_word' id='word_1_138' title='bbox 515 1200 574 1234; x_wconf 80' lang='grc' dir='ltr'>καὶ</span> <span class='ocrx_word' id='word_1_139' title='bbox 596 1197 927 1249; x_wconf 75' lang='grc' dir='ltr'>Φαρνάβαζονς</span> <span class='ocrx_word' id='word_1_140' title='bbox 965 1194 1080 1235; x_wconf 74' lang='grc' dir='ltr'>Οὗτοι</span> <span class='ocrx_word' id='word_1_141' title='bbox 1111 1196 1147 1234; x_wconf 72' lang='grc' dir='ltr'>δὲ</span> <span class='ocrx_word' id='word_1_142' title='bbox 1172 1199 1273 1247; x_wconf 83' lang='grc' dir='ltr'>τρία</span> <span class='ocrx_word' id='word_1_143' title='bbox 1304 1196 1379 1243; x_wconf 82' lang='grc' dir='ltr'>ἔτη</span> <span class='ocrx_word' id='word_1_144' title='bbox 1414 1200 1608 1248; x_wconf 74' lang='grc' dir='ltr'>μείναν-</span> 
     </span>
     <span class='ocr_line' id='line_1_18' title="bbox 168 1261 1610 1308; baseline 0.001 -9"><span class='ocrx_word' id='word_1_145' title='bbox 168 1277 256 1307; x_wconf 78' lang='grc' dir='ltr'>τες,</span> <span class='ocrx_word' id='word_1_146' title='bbox 282 1264 340 1299; x_wconf 78' lang='grc' dir='ltr'>καὶ</span> <span class='ocrx_word' id='word_1_147' title='bbox 371 1265 485 1299; x_wconf 83' lang='grc' dir='ltr'>πλείω</span> <span class='ocrx_word' id='word_1_148' title='bbox 518 1265 610 1299; x_wconf 71' lang='grc' dir='ltr'>κακὰ</span> <span class='ocrx_word' id='word_1_149' title='bbox 639 1261 839 1308; x_wconf 53' lang='grc' dir='ltr'>παθόντες,</span> <span class='ocrx_word' id='word_1_150' title='bbox 857 1262 879 1306; x_wconf 84' lang='grc' dir='ltr'>ἢ</span> <span class='ocrx_word' id='word_1_151' title='bbox 897 1263 1133 1306; x_wconf 78' lang='grc' dir='ltr'>ποιήσαντες,</span> <span class='ocrx_word' id='word_1_152' title='bbox 1155 1264 1394 1304; x_wconf 79' lang='grc' dir='ltr'>τελευτῶντες</span> <span class='ocrx_word' id='word_1_153' title='bbox 1420 1261 1532 1305; x_wconf 74' lang='grc' dir='ltr'>οὕτως</span> <span class='ocrx_word' id='word_1_154' title='bbox 1553 1264 1610 1300; x_wconf 83' lang='grc' dir='ltr'>αἶ-</span> 
     </span>
     <span class='ocr_line' id='line_1_19' title="bbox 171 1326 1610 1379; baseline -0.002 -13"><span class='ocrx_word' id='word_1_155' title='bbox 171 1336 292 1379; x_wconf 76' lang='grc' dir='ltr'>σχρῶς</span> <span class='ocrx_word' id='word_1_156' title='bbox 311 1330 603 1377; x_wconf 72' lang='grc' dir='ltr'>ἀπηλλάγησαν,</span> <span class='ocrx_word' id='word_1_157' title='bbox 625 1330 713 1372; x_wconf 67' lang='lat' dir='ltr'>«ligre</span> <span class='ocrx_word' id='word_1_158' title='bbox 734 1343 806 1365; x_wconf 77' lang='grc' dir='ltr'>κ.τ.</span> <span class='ocrx_word' id='word_1_159' title='bbox 820 1330 856 1364; x_wconf 80' lang='grc' dir='ltr'>λ.</span> <span class='ocrx_word' id='word_1_160' title='bbox 913 1326 989 1364; x_wconf 83' lang='lat' dir='ltr'>Sed</span> <span class='ocrx_word' id='word_1_161' title='bbox 1011 1333 1214 1377; x_wconf 79' lang='lat' dir='ltr'>praeterea,</span> <span class='ocrx_word' id='word_1_162' title='bbox 1237 1327 1340 1377; x_wconf 86' lang='lat' dir='ltr'>quod</span> <span class='ocrx_word' id='word_1_163' title='bbox 1366 1327 1440 1364; x_wconf 89' lang='lat' dir='ltr'>hoc</span> <span class='ocrx_word' id='word_1_164' title='bbox 1456 1327 1610 1373; x_wconf 83' lang='lat' dir='ltr'>bellurn,</span> 
     </span>
     <span class='ocr_line' id='line_1_20' title="bbox 172 1387 1610 1440; baseline -0.002 -12"><span class='ocrx_word' id='word_1_165' title='bbox 172 1390 278 1440; x_wconf 79' lang='lat' dir='ltr'>quod</span> <span class='ocrx_word' id='word_1_166' title='bbox 299 1391 490 1428; x_wconf 83' lang='lat' dir='ltr'>Isocrates</span> <span class='ocrx_word' id='word_1_167' title='bbox 508 1390 644 1434; x_wconf 83' lang='lat' dir='ltr'>innuit,</span> <span class='ocrx_word' id='word_1_168' title='bbox 662 1402 731 1440; x_wconf 89' lang='lat' dir='ltr'>per</span> <span class='ocrx_word' id='word_1_169' title='bbox 745 1393 824 1426; x_wconf 75' lang='lat' dir='ltr'>tres</span> <span class='ocrx_word' id='word_1_170' title='bbox 840 1401 963 1426; x_wconf 80' lang='lat' dir='ltr'>annos</span> <span class='ocrx_word' id='word_1_171' title='bbox 977 1395 1123 1438; x_wconf 85' lang='lat' dir='ltr'>gestum</span> <span class='ocrx_word' id='word_1_172' title='bbox 1140 1394 1212 1435; x_wconf 89' lang='lat' dir='ltr'>est,</span> <span class='ocrx_word' id='word_1_173' title='bbox 1231 1387 1325 1425; x_wconf 94' lang='lat' dir='ltr'>illud</span> <span class='ocrx_word' id='word_1_174' title='bbox 1348 1395 1491 1434; x_wconf 85' lang='lat' dir='ltr'>autem,</span> <span class='ocrx_word' id='word_1_175' title='bbox 1506 1388 1610 1438; x_wconf 92' lang='lat' dir='ltr'>quod</span> 
     </span>
     <span class='ocr_line' id='line_1_21' title="bbox 173 1449 1611 1500; baseline 0 -13"><span class='ocrx_word' id='word_1_176' title='bbox 173 1451 228 1487; x_wconf 88' lang='lat' dir='ltr'>illi</span> <span class='ocrx_word' id='word_1_177' title='bbox 248 1452 391 1497; x_wconf 88' lang='lat' dir='ltr'>volunt,</span> <span class='ocrx_word' id='word_1_178' title='bbox 411 1451 512 1488; x_wconf 83' lang='lat' dir='ltr'>intra</span> <span class='ocrx_word' id='word_1_179' title='bbox 524 1452 643 1488; x_wconf 77' lang='lat' dir='ltr'>unius</span> <span class='ocrx_word' id='word_1_180' title='bbox 660 1451 754 1488; x_wconf 80' lang='lat' dir='ltr'>anni</span> <span class='ocrx_word' id='word_1_181' title='bbox 769 1451 931 1500; x_wconf 86' lang='lat' dir='ltr'>spatium</span> <span class='ocrx_word' id='word_1_182' title='bbox 959 1449 1191 1496; x_wconf 85' lang='lat' dir='ltr'>continetur,</span> <span class='ocrx_word' id='word_1_183' title='bbox 1206 1450 1279 1487; x_wconf 86' lang='lat' dir='ltr'>alia</span> <span class='ocrx_word' id='word_1_184' title='bbox 1299 1450 1502 1496; x_wconf 83' lang='lat' dir='ltr'>accedunt,</span> <span class='ocrx_word' id='word_1_185' title='bbox 1523 1463 1611 1500; x_wconf 86' lang='lat' dir='ltr'>quae</span> 
     </span>
     <span class='ocr_line' id='line_1_22' title="bbox 175 1511 1613 1561; baseline -0.001 -11"><span class='ocrx_word' id='word_1_186' title='bbox 175 1513 356 1557; x_wconf 82' lang='lat' dir='ltr'>doceant,</span> <span class='ocrx_word' id='word_1_187' title='bbox 375 1513 422 1550; x_wconf 86' lang='lat' dir='ltr'>de</span> <span class='ocrx_word' id='word_1_188' title='bbox 444 1512 508 1549; x_wconf 92' lang='lat' dir='ltr'>illo</span> <span class='ocrx_word' id='word_1_189' title='bbox 525 1525 600 1549; x_wconf 91' lang='lat' dir='ltr'>non</span> <span class='ocrx_word' id='word_1_190' title='bbox 620 1525 702 1549; x_wconf 87' lang='lat' dir='ltr'>esse</span> <span class='ocrx_word' id='word_1_191' title='bbox 728 1511 989 1561; x_wconf 88' lang='lat' dir='ltr'>cogitandum.</span> <span class='ocrx_word' id='word_1_192' title='bbox 1046 1511 1157 1548; x_wconf 87' lang='lat' dir='ltr'>Patet</span> <span class='ocrx_word' id='word_1_193' title='bbox 1177 1511 1277 1548; x_wconf 88' lang='lat' dir='ltr'>enim</span> <span class='ocrx_word' id='word_1_194' title='bbox 1299 1524 1345 1548; x_wconf 87' lang='lat' dir='ltr'>ex</span> <span class='ocrx_word' id='word_1_195' title='bbox 1366 1511 1504 1556; x_wconf 86' lang='lat' dir='ltr'>verbis,</span> <span class='ocrx_word' id='word_1_196' title='bbox 1524 1512 1613 1549; x_wconf 86' lang='grc' dir='ltr'>Καὶ</span> 
     </span>
     <span class='ocr_line' id='line_1_23' title="bbox 175 1572 1617 1625; baseline -0.001 -13"><span class='ocrx_word' id='word_1_197' title='bbox 175 1582 354 1625; x_wconf 85' lang='grc' dir='ltr'>πρῶτον</span> <span class='ocrx_word' id='word_1_198' title='bbox 373 1575 442 1625; x_wconf 85' lang='grc' dir='ltr'>μὲν</span> <span class='ocrx_word' id='word_1_199' title='bbox 457 1574 676 1619; x_wconf 75' lang='grc' dir='ltr'>ἀποστάσης</span> <span class='ocrx_word' id='word_1_200' title='bbox 699 1574 906 1621; x_wconf 82' lang='grc' dir='ltr'>Αἰγύπτου,</span> <span class='ocrx_word' id='word_1_201' title='bbox 925 1595 978 1600; x_wconf 95' lang='grc'>-</span> <span class='ocrx_word' id='word_1_202' title='bbox 1003 1575 1112 1624; x_wconf 86' lang='grc' dir='ltr'>μετὰ</span> <span class='ocrx_word' id='word_1_203' title='bbox 1141 1572 1187 1610; x_wconf 78' lang='grc' dir='ltr'>δὲ</span> <span class='ocrx_word' id='word_1_204' title='bbox 1215 1578 1356 1611; x_wconf 83' lang='grc' dir='ltr'>ταῦτα</span> <span class='ocrx_word' id='word_1_205' title='bbox 1387 1574 1447 1611; x_wconf 80' lang='grc' dir='ltr'>ἐπ’</span> <span class='ocrx_word' id='word_1_206' title='bbox 1472 1573 1617 1622; x_wconf 82' lang='grc' dir='ltr'>Εὐαγό-</span> 
     </span>
     <span class='ocr_line' id='line_1_24' title="bbox 176 1634 1615 1687; baseline -0.001 -13"><span class='ocrx_word' id='word_1_207' title='bbox 176 1652 246 1685; x_wconf 86' lang='grc' dir='ltr'>ραν</span> <span class='ocrx_word' id='word_1_208' title='bbox 266 1636 501 1687; x_wconf 77' lang='grc' dir='ltr'>στρατεύσας,</span> <span class='ocrx_word' id='word_1_209' title='bbox 522 1634 779 1672; x_wconf 88' lang='lat' dir='ltr'>defectionem</span> <span class='ocrx_word' id='word_1_210' title='bbox 801 1634 962 1685; x_wconf 78' lang='lat' dir='ltr'>AEgypti</span> <span class='ocrx_word' id='word_1_211' title='bbox 986 1641 1024 1671; x_wconf 92' lang='lat' dir='ltr'>et</span> <span class='ocrx_word' id='word_1_212' title='bbox 1046 1641 1215 1672; x_wconf 87' lang='lat' dir='ltr'>secutam</span> <span class='ocrx_word' id='word_1_213' title='bbox 1236 1635 1523 1685; x_wconf 83' lang='lat' dir='ltr'>expeditionem</span> <span class='ocrx_word' id='word_1_214' title='bbox 1544 1638 1615 1673; x_wconf 90' lang='lat' dir='ltr'>Ar-</span> 
     </span>
     <span class='ocr_line' id='line_1_25' title="bbox 180 1695 1614 1747; baseline 0 -12"><span class='ocrx_word' id='word_1_215' title='bbox 180 1698 344 1735; x_wconf 84' lang='lat' dir='ltr'>taxerxis</span> <span class='ocrx_word' id='word_1_216' title='bbox 377 1698 545 1747; x_wconf 88' lang='lat' dir='ltr'>priorem</span> <span class='ocrx_word' id='word_1_217' title='bbox 577 1710 675 1742; x_wconf 89' lang='lat' dir='ltr'>esse,</span> <span class='ocrx_word' id='word_1_218' title='bbox 694 1703 732 1734; x_wconf 90' lang='lat' dir='ltr'>et</span> <span class='ocrx_word' id='word_1_219' title='bbox 760 1696 1009 1734; x_wconf 82' lang='lat' dir='ltr'>antecessisse</span> <span class='ocrx_word' id='word_1_220' title='bbox 1042 1695 1146 1733; x_wconf 88' lang='lat' dir='ltr'>bello</span> <span class='ocrx_word' id='word_1_221' title='bbox 1177 1696 1356 1733; x_wconf 82' lang='lat' dir='ltr'>adversus</span> <span class='ocrx_word' id='word_1_222' title='bbox 1388 1698 1614 1747; x_wconf 87' lang='lat' dir='ltr'>Evagoram.</span> 
     </span>
     <span class='ocr_line' id='line_1_26' title="bbox 181 1754 1619 1807; baseline 0.001 -12"><span class='ocrx_word' id='word_1_223' title='bbox 181 1759 316 1796; x_wconf 88' lang='lat' dir='ltr'>Morus</span> <span class='ocrx_word' id='word_1_224' title='bbox 352 1765 390 1796; x_wconf 88' lang='lat' dir='ltr'>et</span> <span class='ocrx_word' id='word_1_225' title='bbox 418 1757 587 1804; x_wconf 82' lang='lat' dir='ltr'>Rostius,</span> <span class='ocrx_word' id='word_1_226' title='bbox 615 1757 682 1807; x_wconf 90' lang='lat' dir='ltr'>qui</span> <span class='ocrx_word' id='word_1_227' title='bbox 704 1754 778 1795; x_wconf 60' lang='lat' dir='ltr'>ho‘c</span> <span class='ocrx_word' id='word_1_228' title='bbox 810 1757 906 1794; x_wconf 89' lang='lat' dir='ltr'>bene</span> <span class='ocrx_word' id='word_1_229' title='bbox 938 1763 1151 1802; x_wconf 87' lang='lat' dir='ltr'>senserunt,</span> <span class='ocrx_word' id='word_1_230' title='bbox 1175 1763 1217 1794; x_wconf 92' lang='lat' dir='ltr'>ut</span> <span class='ocrx_word' id='word_1_231' title='bbox 1246 1764 1378 1807; x_wconf 88' lang='lat' dir='ltr'>aptum</span> <span class='ocrx_word' id='word_1_232' title='bbox 1411 1758 1619 1797; x_wconf 85' lang='lat' dir='ltr'>redderent</span> 
     </span>
     <span class='ocr_line' id='line_1_27' title="bbox 183 1818 1617 1865; baseline 0.001 -8"><span class='ocrx_word' id='word_1_233' title='bbox 183 1821 308 1858; x_wconf 91' lang='lat' dir='ltr'>locum</span> <span class='ocrx_word' id='word_1_234' title='bbox 335 1820 548 1865; x_wconf 83' lang='lat' dir='ltr'>sententiae,</span> <span class='ocrx_word' id='word_1_235' title='bbox 568 1820 672 1856; x_wconf 87' lang='lat' dir='ltr'>vario</span> <span class='ocrx_word' id='word_1_236' title='bbox 693 1819 811 1856; x_wconf 90' lang='lat' dir='ltr'>modo</span> <span class='ocrx_word' id='word_1_237' title='bbox 831 1818 878 1856; x_wconf 85' lang='lat' dir='ltr'>de</span> <span class='ocrx_word' id='word_1_238' title='bbox 907 1819 963 1856; x_wconf 88' lang='lat' dir='ltr'>his</span> <span class='ocrx_word' id='word_1_239' title='bbox 982 1819 1110 1856; x_wconf 83' lang='lat' dir='ltr'>verbis</span> <span class='ocrx_word' id='word_1_240' title='bbox 1134 1825 1361 1856; x_wconf 88' lang='lat' dir='ltr'>statuerunt.</span> <span class='ocrx_word' id='word_1_241' title='bbox 1418 1819 1494 1856; x_wconf 90' lang='lat' dir='ltr'>Sed</span> <span class='ocrx_word' id='word_1_242' title='bbox 1516 1820 1617 1858; x_wconf 89' lang='lat' dir='ltr'>hunc</span> 
     </span>
     <span class='ocr_line' id='line_1_28' title="bbox 180 1879 1620 1932; baseline 0 -13"><span class='ocrx_word' id='word_1_243' title='bbox 180 1881 306 1919; x_wconf 89' lang='lat' dir='ltr'>locum</span> <span class='ocrx_word' id='word_1_244' title='bbox 328 1881 473 1931; x_wconf 87' lang='lat' dir='ltr'>optime</span> <span class='ocrx_word' id='word_1_245' title='bbox 491 1894 571 1918; x_wconf 92' lang='lat' dir='ltr'>sese</span> <span class='ocrx_word' id='word_1_246' title='bbox 592 1881 747 1928; x_wconf 86' lang='lat' dir='ltr'>habere,</span> <span class='ocrx_word' id='word_1_247' title='bbox 769 1881 874 1918; x_wconf 93' lang='lat' dir='ltr'>nullo</span> <span class='ocrx_word' id='word_1_248' title='bbox 890 1879 1004 1917; x_wconf 90' lang='lat' dir='ltr'>modo</span> <span class='ocrx_word' id='word_1_249' title='bbox 1025 1879 1307 1916; x_wconf 85' lang='lat' dir='ltr'>sollicitandum</span> <span class='ocrx_word' id='word_1_250' title='bbox 1324 1893 1406 1918; x_wconf 90' lang='lat' dir='ltr'>esse</span> <span class='ocrx_word' id='word_1_251' title='bbox 1427 1888 1464 1918; x_wconf 91' lang='lat' dir='ltr'>et</span> <span class='ocrx_word' id='word_1_252' title='bbox 1484 1894 1620 1932; x_wconf 85' lang='lat' dir='ltr'>magna</span> 
     </span>
     <span class='ocr_line' id='line_1_29' title="bbox 182 1941 1620 1993; baseline 0 -12"><span class='ocrx_word' id='word_1_253' title='bbox 182 1956 273 1981; x_wconf 86' lang='lat' dir='ltr'>cura</span> <span class='ocrx_word' id='word_1_254' title='bbox 307 1951 497 1981; x_wconf 81' lang='lat' dir='ltr'>servatum</span> <span class='ocrx_word' id='word_1_255' title='bbox 535 1943 573 1980; x_wconf 90' lang='lat' dir='ltr'>in</span> <span class='ocrx_word' id='word_1_256' title='bbox 609 1956 654 1980; x_wconf 91' lang='lat' dir='ltr'>eo</span> <span class='ocrx_word' id='word_1_257' title='bbox 692 1956 774 1980; x_wconf 85' lang='lat' dir='ltr'>esse</span> <span class='ocrx_word' id='word_1_258' title='bbox 803 1942 975 1980; x_wconf 86' lang='lat' dir='ltr'>ordinem</span> <span class='ocrx_word' id='word_1_259' title='bbox 1006 1941 1204 1992; x_wconf 87' lang='lat' dir='ltr'>temporis,</span> <span class='ocrx_word' id='word_1_260' title='bbox 1237 1943 1364 1979; x_wconf 83' lang='lat' dir='ltr'>statim</span> <span class='ocrx_word' id='word_1_261' title='bbox 1403 1944 1620 1993; x_wconf 78' lang='lat' dir='ltr'>apparebit.</span> 
     </span>
     <span class='ocr_line' id='line_1_30' title="bbox 186 2003 1620 2056; baseline 0.001 -13"><span class='ocrx_word' id='word_1_262' title='bbox 186 2004 326 2043; x_wconf 89' lang='lat' dir='ltr'>Eadem</span> <span class='ocrx_word' id='word_1_263' title='bbox 350 2004 443 2042; x_wconf 90' lang='lat' dir='ltr'>serie</span> <span class='ocrx_word' id='word_1_264' title='bbox 466 2004 656 2041; x_wconf 89' lang='lat' dir='ltr'>Isocrates</span> <span class='ocrx_word' id='word_1_265' title='bbox 675 2003 751 2041; x_wconf 88' lang='lat' dir='ltr'>alio</span> <span class='ocrx_word' id='word_1_266' title='bbox 772 2004 859 2041; x_wconf 87' lang='lat' dir='ltr'>loco</span> <span class='ocrx_word' id='word_1_267' title='bbox 877 2004 1043 2054; x_wconf 84' lang='lat' dir='ltr'>repetiit,</span> <span class='ocrx_word' id='word_1_268' title='bbox 1064 2003 1112 2041; x_wconf 89' lang='lat' dir='ltr'>de</span> <span class='ocrx_word' id='word_1_269' title='bbox 1133 2016 1212 2053; x_wconf 90' lang='lat' dir='ltr'>quo</span> <span class='ocrx_word' id='word_1_270' title='bbox 1233 2017 1280 2041; x_wconf 90' lang='lat' dir='ltr'>ne</span> <span class='ocrx_word' id='word_1_271' title='bbox 1300 2004 1516 2054; x_wconf 88' lang='lat' dir='ltr'>cogitarunt</span> <span class='ocrx_word' id='word_1_272' title='bbox 1535 2006 1620 2056; x_wconf 92' lang='lat' dir='ltr'>qui-</span> 
     </span>
     <span class='ocr_line' id='line_1_31' title="bbox 184 2065 1620 2117; baseline 0.001 -13"><span class='ocrx_word' id='word_1_273' title='bbox 184 2066 285 2112; x_wconf 89' lang='lat' dir='ltr'>dem,</span> <span class='ocrx_word' id='word_1_274' title='bbox 314 2066 381 2117; x_wconf 89' lang='lat' dir='ltr'>qui</span> <span class='ocrx_word' id='word_1_275' title='bbox 412 2065 461 2103; x_wconf 88' lang='lat' dir='ltr'>de</span> <span class='ocrx_word' id='word_1_276' title='bbox 481 2065 707 2116; x_wconf 80' lang='lat' dir='ltr'>Panegyrici</span> <span class='ocrx_word' id='word_1_277' title='bbox 734 2065 825 2103; x_wconf 81' lang='lat' dir='ltr'>editi</span> <span class='ocrx_word' id='word_1_278' title='bbox 863 2078 962 2103; x_wconf 91' lang='lat' dir='ltr'>anno</span> <span class='ocrx_word' id='word_1_279' title='bbox 998 2065 1246 2115; x_wconf 86' lang='lat' dir='ltr'>scripserunt.</span> <span class='ocrx_word' id='word_1_280' title='bbox 1303 2066 1441 2116; x_wconf 77' lang='lat' dir='ltr'>Capite</span> <span class='ocrx_word' id='word_1_281' title='bbox 1474 2067 1620 2106; x_wconf 90' lang='lat' dir='ltr'><strong>XLIII.</strong></span> 
     </span>
     <span class='ocr_line' id='line_1_32' title="bbox 186 2127 1620 2181; baseline 0 -15"><span class='ocrx_word' id='word_1_282' title='bbox 186 2129 268 2166; x_wconf 87' lang='lat' dir='ltr'>haec</span> <span class='ocrx_word' id='word_1_283' title='bbox 291 2129 493 2178; x_wconf 83' lang='lat' dir='ltr'>leguntur:</span> <span class='ocrx_word' id='word_1_284' title='bbox 523 2130 598 2165; x_wconf 74' lang='grc' dir='ltr'>οὐκ</span> <span class='ocrx_word' id='word_1_285' title='bbox 630 2128 871 2176; x_wconf 68' lang='grc' dir='ltr'>Αἴγυπτος</span> <span class='ocrx_word' id='word_1_286' title='bbox 902 2127 983 2178; x_wconf 75' lang='grc' dir='ltr'>μὲν</span> <span class='ocrx_word' id='word_1_287' title='bbox 1020 2130 1159 2165; x_wconf 78' lang='grc' dir='ltr'>αὐτοῦ</span> <span class='ocrx_word' id='word_1_288' title='bbox 1197 2130 1268 2164; x_wconf 83' lang='grc' dir='ltr'>καὶ</span> <span class='ocrx_word' id='word_1_289' title='bbox 1306 2128 1492 2177; x_wconf 83' lang='grc' dir='ltr'>Κύπρος</span> <span class='ocrx_word' id='word_1_290' title='bbox 1520 2131 1620 2181; x_wconf 86' lang='grc' dir='ltr'>α’φέ-</span> 
     </span>
     <span class='ocr_line' id='line_1_33' title="bbox 186 2188 1622 2240; baseline 0.002 -13"><span class='ocrx_word' id='word_1_291' title='bbox 186 2203 341 2236; x_wconf 87' lang='grc' dir='ltr'>στηκε·,</span> <span class='ocrx_word' id='word_1_292' title='bbox 368 2189 516 2235; x_wconf 83' lang='grc' dir='ltr'>Φοινίκη</span> <span class='ocrx_word' id='word_1_293' title='bbox 536 2188 571 2226; x_wconf 65' lang='grc' dir='ltr'>δὲ</span> <span class='ocrx_word' id='word_1_294' title='bbox 587 2191 645 2226; x_wconf 85' lang='grc' dir='ltr'>καὶ</span> <span class='ocrx_word' id='word_1_295' title='bbox 662 2189 775 2240; x_wconf 79' lang='grc' dir='ltr'>Συρία</span> <span class='ocrx_word' id='word_1_296' title='bbox 790 2212 841 2217; x_wconf 84' lang='grc'>-</span> <span class='ocrx_word' id='word_1_297' title='bbox 855 2191 1059 2227; x_wconf 75' lang='grc' dir='ltr'>ἀνάστατοι</span> <span class='ocrx_word' id='word_1_298' title='bbox 1073 2192 1250 2238; x_wconf 81' lang='grc' dir='ltr'>γεγόνασι</span> <span class='ocrx_word' id='word_1_299' title='bbox 1268 2204 1278 2236; x_wconf 90' lang='grc'><strong>;</strong></span> <span class='ocrx_word' id='word_1_300' title='bbox 1308 2190 1432 2240; x_wconf 82' lang='grc' dir='ltr'>Τύρος</span> <span class='ocrx_word' id='word_1_301' title='bbox 1448 2190 1476 2228; x_wconf 77' lang='grc' dir='ltr'>δ’</span> <span class='ocrx_word' id='word_1_302' title='bbox 1488 2215 1538 2219; x_wconf 93' lang='lat'>——</span> <span class='ocrx_word' id='word_1_303' title='bbox 1553 2193 1622 2231; x_wconf 79' lang='grc' dir='ltr'>ὒπὸ</span> 
     </span>
     <span class='ocr_line' id='line_1_34' title="bbox 185 2250 1622 2304; baseline 0.001 -15"><span class='ocrx_word' id='word_1_304' title='bbox 185 2258 256 2289; x_wconf 88' lang='grc' dir='ltr'>τῶν</span> <span class='ocrx_word' id='word_1_305' title='bbox 271 2251 408 2289; x_wconf 81' lang='grc' dir='ltr'>ἐκείνου</span> <span class='ocrx_word' id='word_1_306' title='bbox 438 2254 699 2296; x_wconf 75' lang='grc' dir='ltr'>κατείληπταις</span> <span class='ocrx_word' id='word_1_307' title='bbox 729 2253 951 2301; x_wconf 88' lang='lat' dir='ltr'>(postquam</span> <span class='ocrx_word' id='word_1_308' title='bbox 981 2250 1173 2301; x_wconf 83' lang='lat' dir='ltr'>AEgyptus</span> <span class='ocrx_word' id='word_1_309' title='bbox 1200 2250 1409 2297; x_wconf 86' lang='lat' dir='ltr'>defecerat,</span> <span class='ocrx_word' id='word_1_310' title='bbox 1432 2252 1622 2304; x_wconf 87' lang='lat' dir='ltr'>Evagoras</span> 
     </span>
     <span class='ocr_line' id='line_1_35' title="bbox 185 2311 1623 2365; baseline 0.003 -15"><span class='ocrx_word' id='word_1_311' title='bbox 185 2312 370 2357; x_wconf 81' lang='lat' dir='ltr'>descivit3</span> <span class='ocrx_word' id='word_1_312' title='bbox 398 2318 489 2362; x_wconf 87' lang='lat' dir='ltr'>post</span> <span class='ocrx_word' id='word_1_313' title='bbox 507 2311 765 2350; x_wconf 81' lang='lat' dir='ltr'>defectionem</span> <span class='ocrx_word' id='word_1_314' title='bbox 797 2313 989 2362; x_wconf 88' lang='lat' dir='ltr'>Evagoras</span> <span class='ocrx_word' id='word_1_315' title='bbox 1008 2312 1242 2349; x_wconf 88' lang='lat' dir='ltr'>Phoeniciam</span> <span class='ocrx_word' id='word_1_316' title='bbox 1273 2319 1310 2350; x_wconf 90' lang='lat' dir='ltr'>et</span> <span class='ocrx_word' id='word_1_317' title='bbox 1337 2313 1428 2351; x_wconf 89' lang='lat' dir='ltr'>alias</span> <span class='ocrx_word' id='word_1_318' title='bbox 1450 2315 1623 2365; x_wconf 85' lang='lat' dir='ltr'>regiones</span> 
     </span>
     <span class='ocr_line' id='line_1_36' title="bbox 186 2373 1624 2428; baseline 0.001 -15"><span class='ocrx_word' id='word_1_319' title='bbox 186 2376 225 2413; x_wconf 82' lang='lat' dir='ltr'>in</span> <span class='ocrx_word' id='word_1_320' title='bbox 252 2387 358 2413; x_wconf 85' lang='lat' dir='ltr'>suam</span> <span class='ocrx_word' id='word_1_321' title='bbox 389 2380 618 2424; x_wconf 81' lang='lat' dir='ltr'>potestatem</span> <span class='ocrx_word' id='word_1_322' title='bbox 652 2375 871 2425; x_wconf 76' lang='lat' dir='ltr'>redegerat)</span> <span class='ocrx_word' id='word_1_323' title='bbox 887 2373 1112 2424; x_wconf 81' lang='grc' dir='ltr'>Ἑκάτομιός</span> <span class='ocrx_word' id='word_1_324' title='bbox 1133 2373 1161 2412; x_wconf 81' lang='grc' dir='ltr'>δ’</span> <span class='ocrx_word' id='word_1_325' title='bbox 1184 2375 1203 2411; x_wconf 81' lang='grc' dir='ltr'>ὁ</span> <span class='ocrx_word' id='word_1_326' title='bbox 1229 2378 1373 2425; x_wconf 85' lang='grc' dir='ltr'>Καρίας</span> <span class='ocrx_word' id='word_1_327' title='bbox 1397 2376 1624 2428; x_wconf 82' lang='grc' dir='ltr'>ἐπίσταθμος</span> 
     </span>
     <span class='ocr_line' id='line_1_37' title="bbox 185 2434 1626 2491; baseline 0.001 -17"><span class='ocrx_word' id='word_1_328' title='bbox 185 2439 228 2491; x_wconf 77' lang='grc' dir='ltr'>τῇ</span> <span class='ocrx_word' id='word_1_329' title='bbox 246 2435 314 2487; x_wconf 75' lang='grc' dir='ltr'>μὲν</span> <span class='ocrx_word' id='word_1_330' title='bbox 333 2435 484 2484; x_wconf 76' lang='grc' dir='ltr'>ἀληθείᾳ</span> <span class='ocrx_word' id='word_1_331' title='bbox 503 2435 651 2473; x_wconf 77' lang='grc' dir='ltr'>πολὺν</span> <span class='ocrx_word' id='word_1_332' title='bbox 680 2435 759 2482; x_wconf 74' lang='grc' dir='ltr'>ἤδη</span> <span class='ocrx_word' id='word_1_333' title='bbox 785 2438 956 2487; x_wconf 87' lang='grc' dir='ltr'>χρόνον</span> <span class='ocrx_word' id='word_1_334' title='bbox 982 2434 1178 2487; x_wconf 80' lang='grc' dir='ltr'>α’φὲστηκε.</span> <span class='ocrx_word' id='word_1_335' title='bbox 1196 2441 1402 2486; x_wconf 83' lang='lat' dir='ltr'>postquam</span> <span class='ocrx_word' id='word_1_336' title='bbox 1419 2437 1556 2474; x_wconf 81' lang='lat' dir='ltr'>bellum</span> <span class='ocrx_word' id='word_1_337' title='bbox 1573 2438 1626 2476; x_wconf 90' lang='lat' dir='ltr'>in-</span> 
     </span>
     <span class='ocr_line' id='line_1_38' title="bbox 185 2496 1625 2549; baseline 0.002 -13"><span class='ocrx_word' id='word_1_338' title='bbox 185 2503 342 2549; x_wconf 84' lang='lat' dir='ltr'>ceperat</span> <span class='ocrx_word' id='word_1_339' title='bbox 363 2498 568 2547; x_wconf 86' lang='lat' dir='ltr'>Evagoras,</span> <span class='ocrx_word' id='word_1_340' title='bbox 583 2497 680 2535; x_wconf 87' lang='lat' dir='ltr'>clam</span> <span class='ocrx_word' id='word_1_341' title='bbox 701 2510 788 2534; x_wconf 87' lang='lat' dir='ltr'>eum</span> <span class='ocrx_word' id='word_1_342' title='bbox 807 2496 956 2547; x_wconf 89' lang='lat' dir='ltr'>adjuvit</span> <span class='ocrx_word' id='word_1_343' title='bbox 977 2496 1238 2534; x_wconf 82' lang='lat' dir='ltr'>Hecatomuus</span> <span class='ocrx_word' id='word_1_344' title='bbox 1261 2497 1378 2536; x_wconf 88' lang='lat' dir='ltr'>Diod.</span> <span class='ocrx_word' id='word_1_345' title='bbox 1392 2499 1467 2536; x_wconf 88' lang='lat' dir='ltr'>Sic.</span> <span class='ocrx_word' id='word_1_346' title='bbox 1485 2499 1572 2537; x_wconf 89' lang='lat' dir='ltr'>XV.</span> <span class='ocrx_word' id='word_1_347' title='bbox 1586 2503 1625 2539; x_wconf 82' lang='lat'>2.</span> 
     </span>
     <span class='ocr_line' id='line_1_39' title="bbox 188 2557 1629 2611; baseline 0.001 -14"><span class='ocrx_word' id='word_1_348' title='bbox 188 2560 324 2597; x_wconf 83' lang='lat' dir='ltr'>Elucet</span> <span class='ocrx_word' id='word_1_349' title='bbox 343 2558 432 2596; x_wconf 91' lang='lat' dir='ltr'>inde</span> <span class='ocrx_word' id='word_1_350' title='bbox 450 2565 599 2595; x_wconf 87' lang='lat' dir='ltr'>servato</span> <span class='ocrx_word' id='word_1_351' title='bbox 619 2557 753 2596; x_wconf 88' lang='lat' dir='ltr'>ordine</span> <span class='ocrx_word' id='word_1_352' title='bbox 767 2558 804 2595; x_wconf 88' lang='lat' dir='ltr'>in</span> <span class='ocrx_word' id='word_1_353' title='bbox 821 2558 947 2608; x_wconf 90' lang='lat' dir='ltr'>priore</span> <span class='ocrx_word' id='word_1_354' title='bbox 964 2558 1050 2596; x_wconf 90' lang='lat' dir='ltr'>loco</span> <span class='ocrx_word' id='word_1_355' title='bbox 1067 2557 1274 2596; x_wconf 80' lang='lat' dir='ltr'>Isocratem</span> <span class='ocrx_word' id='word_1_356' title='bbox 1290 2559 1431 2598; x_wconf 84' lang='lat' dir='ltr'>dixisse</span> <span class='ocrx_word' id='word_1_357' title='bbox 1448 2562 1505 2597; x_wconf 84' lang='grc' dir='ltr'>καὶ</span> <span class='ocrx_word' id='word_1_358' title='bbox 1523 2576 1576 2611; x_wconf 89' lang='grc' dir='ltr'>πρ</span> <span class='ocrx_word' id='word_1_359' title='bbox 1586 2568 1629 2599; x_wconf 85' lang='grc' dir='ltr'>ῶ-</span> 
     </span>
     <span class='ocr_line' id='line_1_40' title="bbox 187 2619 1628 2671; baseline 0.001 -12"><span class='ocrx_word' id='word_1_360' title='bbox 187 2637 266 2659; x_wconf 90' lang='grc' dir='ltr'>τον</span> <span class='ocrx_word' id='word_1_361' title='bbox 295 2620 362 2671; x_wconf 76' lang='grc' dir='ltr'>μὲν</span> <span class='ocrx_word' id='word_1_362' title='bbox 379 2642 429 2648; x_wconf 90' lang='lat'>——</span> <span class='ocrx_word' id='word_1_363' title='bbox 451 2620 581 2658; x_wconf 84' lang='grc' dir='ltr'>Μετὰ</span> <span class='ocrx_word' id='word_1_364' title='bbox 616 2619 661 2656; x_wconf 83' lang='grc' dir='ltr'>δὲ</span> <span class='ocrx_word' id='word_1_365' title='bbox 694 2627 848 2665; x_wconf 82' lang='grc' dir='ltr'>ταῦτα,</span> <span class='ocrx_word' id='word_1_366' title='bbox 886 2628 926 2657; x_wconf 78' lang='lat' dir='ltr'>et</span> <span class='ocrx_word' id='word_1_367' title='bbox 953 2619 1062 2657; x_wconf 87' lang='lat' dir='ltr'>aliam</span> <span class='ocrx_word' id='word_1_368' title='bbox 1083 2619 1381 2670; x_wconf 83' lang='lat' dir='ltr'>expeditionem,</span> <span class='ocrx_word' id='word_1_369' title='bbox 1403 2634 1490 2671; x_wconf 85' lang='lat' dir='ltr'>quae</span> <span class='ocrx_word' id='word_1_370' title='bbox 1511 2623 1628 2660; x_wconf 88' lang='lat' dir='ltr'>trien-</span> 
     </span>
     <span class='ocr_line' id='line_1_41' title="bbox 189 2680 1628 2731; baseline 0.001 -11"><span class='ocrx_word' id='word_1_371' title='bbox 189 2683 292 2720; x_wconf 91' lang='lat' dir='ltr'>nium</span> <span class='ocrx_word' id='word_1_372' title='bbox 312 2681 530 2731; x_wconf 82' lang='lat' dir='ltr'>expleverit,</span> <span class='ocrx_word' id='word_1_373' title='bbox 546 2694 672 2731; x_wconf 89' lang='lat' dir='ltr'>neque</span> <span class='ocrx_word' id='word_1_374' title='bbox 695 2693 784 2718; x_wconf 91' lang='lat' dir='ltr'>vero</span> <span class='ocrx_word' id='word_1_375' title='bbox 801 2681 910 2718; x_wconf 88' lang='lat' dir='ltr'>istam</span> <span class='ocrx_word' id='word_1_376' title='bbox 929 2694 1002 2718; x_wconf 90' lang='lat' dir='ltr'>uno</span> <span class='ocrx_word' id='word_1_377' title='bbox 1019 2680 1161 2718; x_wconf 85' lang='lat' dir='ltr'>finitam</span> <span class='ocrx_word' id='word_1_378' title='bbox 1182 2694 1283 2719; x_wconf 91' lang='lat' dir='ltr'>anno</span> <span class='ocrx_word' id='word_1_379' title='bbox 1304 2683 1364 2719; x_wconf 88' lang='lat' dir='ltr'>hic</span> <span class='ocrx_word' id='word_1_380' title='bbox 1385 2683 1434 2720; x_wconf 92' lang='lat' dir='ltr'>ab</span> <span class='ocrx_word' id='word_1_381' title='bbox 1459 2684 1628 2722; x_wconf 85' lang='lat' dir='ltr'>Isocrate</span> 
     </span>
     <span class='ocr_line' id='line_1_42' title="bbox 183 2742 1626 2793; baseline 0.002 -12"><span class='ocrx_word' id='word_1_382' title='bbox 183 2757 272 2782; x_wconf 45' lang='lat' dir='ltr'>‘esse</span> <span class='ocrx_word' id='word_1_383' title='bbox 290 2743 512 2781; x_wconf 88' lang='lat' dir='ltr'>indicatam.</span> <span class='ocrx_word' id='word_1_384' title='bbox 570 2743 755 2786; x_wconf 85' lang='lat' dir='ltr'>Quaenam</span> <span class='ocrx_word' id='word_1_385' title='bbox 773 2755 861 2779; x_wconf 82' lang='lat' dir='ltr'>vero</span> <span class='ocrx_word' id='word_1_386' title='bbox 884 2742 1011 2788; x_wconf 87' lang='lat' dir='ltr'>fuerit,</span> <span class='ocrx_word' id='word_1_387' title='bbox 1031 2750 1146 2793; x_wconf 85' lang='lat' dir='ltr'>atque</span> <span class='ocrx_word' id='word_1_388' title='bbox 1169 2750 1290 2781; x_wconf 88' lang='lat' dir='ltr'>utrum</span> <span class='ocrx_word' id='word_1_389' title='bbox 1311 2758 1355 2781; x_wconf 84' lang='lat' dir='ltr'>ex</span> <span class='ocrx_word' id='word_1_390' title='bbox 1377 2744 1420 2781; x_wconf 88' lang='lat' dir='ltr'>iis</span> <span class='ocrx_word' id='word_1_391' title='bbox 1441 2745 1489 2783; x_wconf 86' lang='lat' dir='ltr'>sit</span> <span class='ocrx_word' id='word_1_392' title='bbox 1515 2747 1626 2784; x_wconf 89' lang='lat' dir='ltr'>rebus</span> 
     </span>
     <span class='ocr_line' id='line_1_43' title="bbox 192 2803 1626 2857; baseline 0.002 -16"><span class='ocrx_word' id='word_1_393' title='bbox 192 2804 319 2855; x_wconf 82' lang='lat' dir='ltr'>gestis,</span> <span class='ocrx_word' id='word_1_394' title='bbox 340 2817 436 2854; x_wconf 88' lang='lat' dir='ltr'>quas</span> <span class='ocrx_word' id='word_1_395' title='bbox 451 2817 497 2842; x_wconf 88' lang='lat' dir='ltr'>ex</span> <span class='ocrx_word' id='word_1_396' title='bbox 516 2803 722 2850; x_wconf 82' lang='lat' dir='ltr'>historicis,</span> <span class='ocrx_word' id='word_1_397' title='bbox 742 2817 839 2852; x_wconf 89' lang='lat' dir='ltr'>quos</span> <span class='ocrx_word' id='word_1_398' title='bbox 859 2804 1081 2854; x_wconf 84' lang='lat' dir='ltr'>superstites</span> <span class='ocrx_word' id='word_1_399' title='bbox 1109 2805 1308 2850; x_wconf 89' lang='lat' dir='ltr'>habemus,</span> <span class='ocrx_word' id='word_1_400' title='bbox 1334 2818 1409 2842; x_wconf 92' lang='lat' dir='ltr'>non</span> <span class='ocrx_word' id='word_1_401' title='bbox 1439 2807 1626 2857; x_wconf 89' lang='lat' dir='ltr'>comperi-</span> 
     </span>
     <span class='ocr_line' id='line_1_44' title="bbox 193 2864 1627 2915; baseline 0.002 -14"><span class='ocrx_word' id='word_1_402' title='bbox 193 2876 288 2909; x_wconf 82' lang='lat' dir='ltr'>mus,</span> <span class='ocrx_word' id='word_1_403' title='bbox 316 2877 363 2901; x_wconf 89' lang='lat' dir='ltr'>an</span> <span class='ocrx_word' id='word_1_404' title='bbox 395 2877 489 2914; x_wconf 86' lang='lat' dir='ltr'>quas</span> <span class='ocrx_word' id='word_1_405' title='bbox 509 2878 556 2902; x_wconf 84' lang='lat' dir='ltr'>ex</span> <span class='ocrx_word' id='word_1_406' title='bbox 584 2864 800 2901; x_wconf 88' lang='lat' dir='ltr'>oratoribus</span> <span class='ocrx_word' id='word_1_407' title='bbox 829 2864 1024 2911; x_wconf 88' lang='lat' dir='ltr'>discimus,</span> <span class='ocrx_word' id='word_1_408' title='bbox 1054 2878 1213 2915; x_wconf 91' lang='lat' dir='ltr'>quarum</span> <span class='ocrx_word' id='word_1_409' title='bbox 1245 2866 1416 2904; x_wconf 86' lang='lat' dir='ltr'>historici</span> <span class='ocrx_word' id='word_1_410' title='bbox 1437 2879 1523 2904; x_wconf 90' lang='lat' dir='ltr'>vero</span> <span class='ocrx_word' id='word_1_411' title='bbox 1546 2868 1627 2905; x_wconf 89' lang='lat' dir='ltr'>nul-</span> 
     </span>
     <span class='ocr_line' id='line_1_45' title="bbox 196 2923 1629 2979; baseline 0.003 -17"><span class='ocrx_word' id='word_1_412' title='bbox 196 2923 268 2962; x_wconf 79' lang='lat' dir='ltr'>lam</span> <span class='ocrx_word' id='word_1_413' title='bbox 297 2925 469 2963; x_wconf 83' lang='lat' dir='ltr'>fecerunt</span> <span class='ocrx_word' id='word_1_414' title='bbox 487 2926 730 2971; x_wconf 85' lang='lat' dir='ltr'>mentionem,</span> <span class='ocrx_word' id='word_1_415' title='bbox 763 2938 839 2963; x_wconf 89' lang='lat' dir='ltr'>uon</span> <span class='ocrx_word' id='word_1_416' title='bbox 870 2925 1062 2964; x_wconf 81' lang='lat' dir='ltr'>definiam.</span> <span class='ocrx_word' id='word_1_417' title='bbox 1120 2927 1284 2965; x_wconf 86' lang='lat' dir='ltr'>Videtur</span> <span class='ocrx_word' id='word_1_418' title='bbox 1313 2935 1454 2974; x_wconf 85' lang='lat' dir='ltr'>autem,</span> <span class='ocrx_word' id='word_1_419' title='bbox 1483 2929 1512 2965; x_wconf 85' lang='lat' dir='ltr'>si</span> <span class='ocrx_word' id='word_1_420' title='bbox 1540 2941 1629 2979; x_wconf 89' lang='lat' dir='ltr'>pro—</span> 
     </span>
     <span class='ocr_line' id='line_1_46' title="bbox 199 2984 1628 3037; baseline 0.006 -17"><span class='ocrx_word' id='word_1_421' title='bbox 199 2984 387 3023; x_wconf 81' lang='lat' dir='ltr'>babilibus</span> <span class='ocrx_word' id='word_1_422' title='bbox 407 2986 520 3024; x_wconf 89' lang='lat' dir='ltr'>datur</span> <span class='ocrx_word' id='word_1_423' title='bbox 537 2987 657 3031; x_wconf 90' lang='lat' dir='ltr'>locus,</span> <span class='ocrx_word' id='word_1_424' title='bbox 672 2999 738 3024; x_wconf 86' lang='lat' dir='ltr'>rex</span> <span class='ocrx_word' id='word_1_425' title='bbox 760 2985 957 3024; x_wconf 88' lang='lat' dir='ltr'>Persarum</span> <span class='ocrx_word' id='word_1_426' title='bbox 977 2987 1160 3026; x_wconf 84' lang='lat' dir='ltr'>adversus</span> <span class='ocrx_word' id='word_1_427' title='bbox 1178 2988 1421 3037; x_wconf 86' lang='lat' dir='ltr'>Nephereum</span> <span class='ocrx_word' id='word_1_428' title='bbox 1442 2996 1506 3026; x_wconf 90' lang='lat' dir='ltr'>aut</span> <span class='ocrx_word' id='word_1_429' title='bbox 1525 2991 1628 3028; x_wconf 85' lang='lat' dir='ltr'>Aco-</span> 
     </span>
    </p>
   </div>
  </div>
 </body>
</html>
