1914 3314
219 206 304 248 806

217 319 271 357 γὰρ
285 328 314 347 ιι.
329 316 432 347 Bekk.
491 317 574 347 Ibid.
592 316 687 348 ἐλθεῖν
701 318 801 358 ποιεῖν]
818 319 861 356 μὴ
877 329 928 347 πο-

217 361 267 389 νεῖν
281 371 310 389 ιι.
327 359 430 389 Bekk.
476 362 528 389 16.
542 363 634 394 καλῶς
645 360 736 402 εἶχεν]
754 363 849 394 καλῶς
864 360 926 391 ἑτέ-

215 413 267 441 ςους
286 413 316 432 ιι.
332 401 435 432 Bekk.
502 405 554 433 18.
571 402 790 443 διαφυλάττειν]
812 403 926 442 διαφεύ-

215 455 272 482 γειν
287 456 316 475 ιι.
327 444 427 475 Bekk.
466 444 549 475 Ibid.
562 445 594 475 ἂν
610 446 707 486 εἴην]
695 457 727 476 αν
743 451 809 476 ἡνιι.
822 447 925 477 Bekk.

218 490 270 517 19.
285 485 422 528 πλείονα]
441 487 531 517 πλείω
551 498 580 518 ιι.
600 488 704 518 Bekk.
720 490 825 519 wav
841 491 925 520 Med.

214 529 291 559 Ald.
365 533 418 561 21.
434 529 623 572 ἀπεσχόμην]
644 531 809 578 ἀπεχοίμην
829 532 926 562 Wolf.

214 570 378 613 ἀπειχόμην
395 584 423 603 u.
441 573 544 604 Bekk.
606 576 656 604 23.
667 575 796 614 πςέπον
783 572 817 615 ᾖ]
833 574 926 615 πςέπῃ

215 625 244 644 ιι.
262 616 365 645 Bekk.
430 619 530 654 autep.
549 615 604 656 μὲν
623 629 651 647 ου
646 615 710 652 ’τως
725 616 794 658 ἕξει]
810 616 865 656 μὲν
885 621 927 647 οὐν

214 656 242 686 οἱ
238 656 302 691 ’τως
315 668 344 687 ιι.
364 658 467 689 Bekk.
511 669 581 698 pen.
594 659 753 701 γενομένης]
771 670 832 698 γενν
826 659 925 699 ,σομέ-

212 710 255 734 νης
271 711 300 730 ιι.
316 701 417 731 Bekk.

257 742 296 772 Ρ.
321 745 395 773 277.
420 746 449 773 1.
472 742 589 785 εὲέλης]
611 743 749 786 εὸελνισης
770 755 799 774 ιι.
820 745 923 775 Bekk.

214 787 246 816 2.
248 783 415 837 δεκαρχίας
433 796 464 815 V.
485 787 572 816 Med.
643 791 693 818 12.
709 788 770 822 τοῖς
783 786 924 827 Ἕλλησι]

213 829 274 862 τοῖς
283 828 458 867 συλλέγουσι
474 839 503 858 ιι.
521 829 627 861 Bekk.
686 829 793 861 Ibid.&
810 831 847 863 εἷς
861 830 922 872 τὸν]

213 870 228 901 ἢ
243 871 289 900 τὸν
303 881 323 910 p
341 875 369 902 8.
391 874 420 902 9.
439 881 466 901 v.
484 873 569 901 Med.
585 872 660 903 Ald.
677 872 692 904 ἢ
708 875 757 904 την
772 883 801 902 u.
818 873 922 904 Bekk.

214 914 296 943 Ibid.
310 913 427 953 μισθὲν]
447 914 628 955 μισθοφορὰν
643 927 673 946 ιι.
696 917 794 946 Bekk.
870 920 921 947 14.

212 955 426 997 Βουληθείημεν]
445 955 624 996 ξουληθεῖμεν
639 970 670 989 ιι.
690 959 793 989 Bekk.
869 962 921 990 16.

212 1000 339 1040 πάντων]
356 1000 490 1030 ἁπάντων
505 1011 534 1030 ιι.
552 1001 654 1031 Bekk.
721 1004 773 1033 22.
787 1001 876 1041 ἕτεςον
891 1013 920 1032 V.

212 1042 294 1072 Ibid.
304 1048 373 1072 καλ.
383 1042 458 1084 εἶχε]
474 1049 542 1072 καλ.
557 1043 590 1074 ἂν
602 1043 705 1084 εἰχειι.
722 1045 820 1074 Bekk.
869 1048 920 1076 23.

211 1085 319 1118 πάσας
343 1087 413 1137 τὰς]
435 1086 491 1121 τὰς
515 1086 570 1120 σας
589 1097 618 1116 ιι.
640 1088 743 1117 Bekk.
810 1090 862 1118 24.
877 1089 919 1118 ἄν.

210 1127 279 1168 καὶ]
293 1129 337 1157 αν.
353 1127 420 1168 ἅμα
436 1129 484 1158 καὶ
502 1140 531 1158 ιι.
545 1129 647 1160 Bekk.
707 1132 759 1160 25.
771 1129 843 1162 Bac.
855 1129 917 1171 ἐφ’]

210 1169 284 1202 Βασ.
295 1171 464 1212 αμφοτέραν
478 1170 524 1210 εφ’
536 1182 566 1201 ιι.
583 1172 685 1203 Bekk.
729 1179 829 1212 antep.
840 1185 919 1213 συμ-

209 1212 392 1254 Βουλεύομεν]
415 1214 603 1253 συμβουλεύω
625 1227 653 1245 u.
679 1215 780 1245 Bakk.
849 1226 918 1256 pen.

211 1255 339 1294 {nem-{gott
354 1256 433 1297 καὶ]
435 1257 483 1286 καὶ
498 1268 558 1290 οιιι.
578 1268 605 1286 u.
624 1259 720 1288 Bekk.
803 1258 857 1288 ult.
875 1258 925 1287 τήν

211 1308 245 1327 τε
263 1298 358 1338 πόλιν]
376 1310 409 1329 τε
425 1310 484 1329 οιιι.
502 1310 532 1329 ιι-
548 1301 650 1331 Bekk.

256 1341 293 1370 P.
311 1343 385 1372 278.
402 1345 430 1371 1.
445 1353 493 1372 την
508 1345 610 1373 τῶνΛ.
614 1343 627 1383 ]
641 1345 696 1373 τῶν
709 1353 765 1372 om
779 1353 808 1372 u.
820 1342 922 1372 Bekk.

214 1384 403 1424 8.πῖισαν]“
393 1384 522 1414 aim-actm
538 1397 566 1417 u.
584 1386 686 1416 Bekk.
758 1387 788 1414 4.
805 1384 920 1425 ελαβεν]

212 1424 346 1464 ἐξέλαβεν
367 1438 395 1456 ιι.
411 1428 512 1457 Bekk.
581 1431 613 1459 5.
631 1431 686 1458 τῶν
701 1427 852 1467 Ἑλλήνων]
869 1431 924 1457 τοῖν

213 1469 352 1499 ἄλλωνιι.
370 1470 472 1500 Bekk.
533 1474 563 1501 6.
580 1472 687 1501 πόλεων
705 1481 765 1500 οιιι.
789 1482 818 1501 v.
837 1471 923 1501 Med.

214 1511 578 1563 Α1(1.Ῑὸίι1.κυξιο’ς]
604 1513 742 1552 ἐγκξατης
767 1523 797 1542 ιι.
821 1513 922 1544 Bekk.

214 1554 297 1584 Ibid.
314 1554 386 1584 ὥστ’
399 1555 448 1585 οὐκ
467 1555 590 1596 ἔστιν]’
578 1556 651 1586 ὥστ’
670 1556 754 1589 ουδεὶς
775 1567 805 1586 ιι.
822 1556 924 1587 Bekk.

216 1599 245 1626 8.
263 1595 365 1632 ἐκείνας
384 1608 414 1627 V.
481 1602 532 1629 12.
550 1600 605 1639 γὰξ
627 1599 798 1639 ἀφειστηκει
816 1597 911 1637 μενιι

197 1653 201 1657 ·
216 1640 318 1670 Bekk.
375 1643 429 1671 16.
439 1645 607 1681 συναγαγὼν
621 1642 690 1682 γὰρ]
707 1641 783 1672 ὥστε
797 1653 923 1680 συναγα-

215 1684 269 1720 γιὶν
283 1693 300 1721 p
317 1685 347 1714 8.
362 1685 391 1713 9.
407 1694 437 1714 v.
453 1686 814 1725 συμπαξασκευασίιμενος
824 1687 878 1725 γὰρ
893 1696 922 1716 u.

216 1726 318 1756 Bekk.
364 1729 415 1757 21.
433 1727 475 1766 τῷ
488 1729 627 1769 ναυτικῷ]
645 1728 687 1767 τῷ
701 1738 761 1758 οιιι.
778 1739 809 1758 ιι.
822 1728 923 1759 Bekk.

215 1770 266 1798 22.
288 1771 370 1808 μετὰ
393 1768 550 1811 Βασιλέως]
576 1772 658 1810 μετὰ
683 1782 743 1801 οιιι.
768 1782 797 1801 ιι.
822 1770 924 1801 Bekk.

212 1817 313 1852 autep.
329 1812 436 1843 τούτων
452 1816 507 1844 τῶν
523 1813 608 1844 ἐθνῶν
625 1826 653 1845 ιι.
670 1814 774 1844 Bekk.
838 1814 923 1844 Ibid.

211 1856 249 1884 σὺ
272 1866 351 1885 corr.
368 1867 399 1886 V.
465 1867 534 1897 pen.
554 1856 723 1898 συμφόρως]
740 1858 924 1897 συμμάχους

211 1908 292 1970 Σῖἓι.
308 1909 339 1929 V.
416 1899 471 1930 ult.
488 1900 536 1930 καὶ
553 1901 684 1940 Μηνιδρέα
701 1911 722 1940 p
740 1903 770 1931 8.
791 1902 820 1930 9.
837 1901 923 1930 Med.

256 1963 294 2013 P.
311 1986 385 2015 279.
404 1986 434 2014 2.
455 1985 568 2015 πάντων
583 1985 632 2026 ἂν]
657 1986 778 2016 πάντων
802 1983 830 2023 γ’
845 1984 876 2016 ἃν
893 1996 922 2015 u.

212 2024 315 2056 Bekk.
388 2028 421 2057 5.
451 2026 662 2069 ἔουλευομένην]
696 2026 864 2066 βουλομένην
894 2039 922 2058 ιι.

212 2068 314 2099 Bekk.
382 2072 411 2100 8.
430 2069 551 2102 ἕκαστον
567 2070 618 2112 Em]
639 2070 760 2101 ἕκαστον
774 2070 820 2100 τὸν
838 2069 873 2100 ἐν.
893 2082 921 2101 ιι.

212 2111 315 2142 Bekk.
370 2115 419 2144 18.
435 2114 724 2155 μεταχειρισάμενοι]
750 2123 922 2154 μεταχειρι-

211 2155 333 2194 σάμενος
350 2166 380 2185 ιι.
398 2155 500 2186 Bekk.
546 2158 628 2188 ibid.
641 2159 696 2187 τῶν
710 2157 923 2197 στρατηγικῶν]

211 2199 268 2227 τῶν
281 2201 498 2238 στξατιωτικῶν
513 2209 542 2229 ιι.
560 2200 664 2231 Bekk.
689 2198 879 2239 στρατηγικὸν
894 2210 923 2229 V.

212 2240 296 2271 Ibid.
322 2241 365 2270 σοὶ
384 2242 556 2283 τολμῶμεν]
591 2244 632 2273 νῖν
661 2241 794 2282 τολμῷην
818 2241 862 2272 σοὶ
894 2253 922 2272 u.

213 2283 314 2313 Bekk.
375 2287 426 2315 20.
440 2286 519 2315 κατὰ.
533 2286 580 2314 τὸν
594 2285 662 2315 πέλ.
680 2297 710 2315 V.
765 2288 818 2316 22.
834 2286 925 2325 ἇςκεῖν

212 2325 279 2364 πξὲς
289 2327 476 2367 παράδειγμα
485 2327 548 2368 τόν]
560 2329 657 2368 ἀρκεῖν,
661 2340 725 2369 προς
736 2328 943 2368 παράδειγμα

212 2379 272 2398 οιιι.
291 2380 318 2400 ιι.
337 2375 366 2399 ει
383 2380 429 2408 pr.
446 2381 474 2401 V.
493 2371 597 2401 Bekk.
652 2372 735 2401 Ibid.
752 2371 810 2411 σοι]
826 2383 876 2401 σου
894 2382 923 2401 ιι.

213 2410 314 2441 Bekk.
359 2416 411 2444 24.
429 2413 465 2444 εἴη
482 2412 643 2454 βουλομένῳ
657 2414 760 2455 λέγειν]
778 2415 816 2444 εἴη
832 2413 924 2453 θέμις

213 2465 245 2485 ιι.
270 2454 373 2485 Bekk.
400 2456 563 2496 Βουλομένῳ
588 2468 648 2488 οιιι.
678 2468 708 2487 V.
733 2458 820 2487 Med.
847 2457 922 2488 Ald.

213 2499 265 2528 25.
282 2498 387 2527 τούτων
409 2509 468 2529 οιιι.
490 2499 573 2539 Hag.
590 2500 689 2531 Wolf.
752 2500 833 2531 Ibid
850 2499 922 2538 γενέ

212 2539 294 2580 σθαι]
311 2539 430 2571 ἔσεσθαι
445 2554 547 2576 αυτους
563 2554 591 2573 v.

256 2583 294 2612 Ρ.
319 2586 392 2614 280.
423 2587 452 2615 2.
482 2584 667 2635 ὡρμημένοις]
694 2584 866 2625 ὁρμωμένοις
893 2596 922 2616 u.

213 2625 316 2656 Bekk.
361 2628 391 2656 6.
407 2639 470 2660 τους
484 2627 539 2667 μὲν
553 2639 611 2659 οιιι.
629 2629 713 2659 Med.
772 2632 824 2658 10.
832 2629 924 2660 αυτῶν

213 2679 232 2708 p
253 2672 283 2699 8.
300 2671 331 2699 9.
354 2668 443 2700 Med.
464 2670 536 2701 Ald.
606 2675 656 2702 11.
674 2672 727 2711 γὰρ
743 2673 796 2701 τῶν
819 2671 919 2712 Ελλ.]

212 2714 267 2741 τῶν
282 2722 341 2744 οιιι.
358 2722 386 2741 ιι.
402 2711 504 2743 Bekk.
573 2718 622 2744 12
639 2715 735 2755 ἄρχειν
749 2713 874 2753 ἄξιοί-σας
891 2725 921 2745 ιι.

214 2754 317 2785 Bekk.
362 2757 412 2785 1¹7.
428 2753 576 2796 διάγοντα]
592 2757 763 2795 διαγαγόντα
779 2768 807 2787 V.
869 2759 921 2788 23.

213 2795 323 2838 μνείαν]
343 2809 458 2837 μνημην
484 2797 572 2828 Med.
641 2803 692 2830 24.
721 2800 765 2830 ἄδι
769 2797 919 2841 έξγαστον]

213 2839 408 2880 διεξέςγαστον
423 2851 452 2871 u.
461 2840 674 2880 ἀδιεξέργαστοι
690 2841 794 2872 Bekk.
840 2844 921 2873 Ibid.

215 2882 303 2913 καινὸν
319 2883 406 2914 Med.
428 2884 498 2914 Ald.

215 2926 271 2965 μία
287 2938 316 2956 ιι.
339 2927 440 2957 Bekk.

262 2970 298 2998 P.
311 2972 383 3000 281.
400 2972 428 3000 1.
442 2969 602 3010 διπλασίω]
619 2970 765 3000 διπλάσιον
781 2982 807 3001 ιι.
821 2973 921 3002 Bekk.

218 3016 247 3043 ⁴2.
265 3012 296 3042 ἓιν
312 3023 371 3043 οιιι.
389 3024 415 3043 ν.
486 3015 515 3044 3.
533 3013 679 3054 ἀφέξομαι
699 3014 826 3055 πάντων]
843 3015 924 3046 &wi-

549 2887 600 2915 28.
618 2884 787 2926 φιλοσοφίᾳ]
809 2893 920 2925 φιλοτι-

575 203 919 247 VARIANTES
952 181 1301 248 LECTION'ES

963 330 1034 351 στην
1049 330 1080 350 ιι.
1092 319 1182 351 Med.
1198 321 1302 351 Bekk.
1345 320 1376 349 4.
1387 318 1535 368 ἐξαύτῶν]
1552 317 1672 358 ἐκλεξά-

961 373 1043 399 μενος
1066 374 1095 392 V.
1161 366 1192 393 5.
1218 361 1383 402 εἷςημένοις]
1414 361 1617 402 «προειρημένοις
1640 371 1671 390 ιι.

961 404 1065 435 Bekk.
1111 409 1139 436 8.
1153 405 1201 434 καὶ
1214 406 1285 446 τῷν]
1303 405 1514 434 καιπολλῶνιι.
1526 415 1555 433 V
1565 404 1671 434 Bekk.

962 450 1014 478 11.
1029 459 1072 486 μη
1086 449 1139 488 γὰρ
1154 447 1320 489 ῥαθυμήσας
1331 447 1520 487 ποιησάμενος
1531 445 1576 486 δὲ]
1591 456 1670 477 ποιη-

960 491 1084 528 σάμενος
1098 493 1152 531 γὰς
1168 501 1196 520 u.
1213 490 1317 521 Bekk.

1004 533 1041 562 P.
1059 536 1132 564 282.
1146 536 1177 564 3.
1193 533 1227 563 τὸ
1243 533 1329 574 aga-r.
1321 532 1345 573 .]
1361 532 1407 562 τὸν
1420 531 1504 571 κςάτ.
1516 541 1547 560 ιι.
1563 529 1669 561 Bekk.

960 576 992 605 5.
1009 575 1067 617 τῷ]
1090 575 1123 606 τὸ
1145 586 1164 614 p
1187 578 1216 606 8.
1236 578 1266 607 9.
1281 586 1311 606 u.
1327 586 1357 605 V.
1374 575 1462 604 Med.
1479 574 1551 603 Ald.
1566 572 1669 603 Bekk.

960 617 1041 648 Ibid.
1050 618 1307 659 μηδὲν]μηδέρ8.
1319 620 1350 649 9.
1365 628 1394 646 v.
1386 619 1445 657 .μῆ
1460 617 1553 647 δεῖνα.
1566 615 1670 645 Bekk.

960 662 992 689 ¹7.
1008 662 1198 699 φιλονικεῖνιι.
1216 660 1320 691 Bekk.
1375 663 1406 691 8.
1423 659 1622 700 παξακευίισῃς
1636 668 1669 688 u.

960 703 1049 733 Med.
1066 704 1164 734 Wolf.
1217 707 1270 734 11.
1281 702 1364 743 mac]
1380 702 1469 736 πάθος
1483 702 1572 731 Med.
1617 702 1671 731 13.

959 744 1138 785 Βουλεύμασι
1141 747 1169 787 ν]
1195 744 1372 787 ζουλὴμασιν
1394 756 1423 775 ιι.
1446 745 1549 775 Bekk.
1617 746 1670 773 14.

958 786 1132 830 ζουληθηςιι.
1145 789 1248 820 Bekk.
1296 791 1346 820 15.
1362 787 1493 829 ῥαδιονιι.
1509 798 1542 817 V.
1583 786 1669 816 Ibid.

958 841 990 859 σε
1007 841 1068 861 οιιι.
1083 843 1112 862 u.
1172 832 1255 861 Ibid.
1269 830 1431 861 καλλίστην
1446 829 1525 868 δόξαν
1542 840 1572 858 ιι.
1617 830 1669 858 16.

957 872 1026 913 ν’ἶπεξ
1040 874 1115 916 ἐξ]
1103 887 1118 906 η
1133 873 1165 913 ἐξ
1181 885 1212 905 ιι,
1228 874 1330 906 Bekk.
1376 874 1457 903 Ibid.
1472 875 1521 904 τῆν
1537 871 1604 912 {avr-J
1621 882 1671 902 την

955 917 997 946 νῦν
1013 918 1064 947 ὑπ.
1081 928 1111 947 ιι.
1128 917 1233 948 Bekk.
1288 920 1340 948 22.
1357 916 1405 947 ἐπὶ
1421 917 1477 948 τὰς
1493 915 1580 955 εὔεογ.
1595 914 1667 955 τῶν]

955 957 1008 989 ἐπί
1020 971 1053 989 τε
1072 962 1127 995 τὰς
1142 971 1229 1000 ευεργ.
1250 960 1306 994 τοὶς
1328 962 1383 989 τῶν
1398 970 1429 989 ιι.
1445 957 1548 988 Bekk.
1615 959 1668 987 23.

955 1002 1119 1042 πραότητας
1132 1003 1181 1032 καὶ
1202 1002 1427 1042 φιλανθρωπίας]
1449 999 1607 1040 πξᾳὸτητοι
1621 1000 1668 1029 καὶ

954 1044 1160 1085 φιλανθρωπίαν
1172 1056 1202 1076 n.
1218 1046 1321 1076 Bekk.
1377 1055 1448 1085 pen.
1465 1042 1513 1073 ἐπὶ
1525 1045 1579 1072 τῶν
1593 1041 1669 1081 ζώων

954 1088 1002 1116 καὶ
1023 1090 1078 1117 τῶν
1097 1089 1250 1128 ἀνθξώπων
1268 1088 1317 1117 καὶ
1340 1090 1395 1118 τῶν
1414 1085 1526 1125 αλλων]
1548 1084 1596 1115 επὶ
1611 1087 1668 1116 τῶν

954 1129 1099 1170 ἇνθξώπων
1111 1133 1160 1161 καὶ
1176 1134 1231 1161 τῶν
1245 1131 1341 1160 ἄλλων
1355 1130 1431 1169 ζώων
1445 1140 1477 1159 ιι.
1492 1128 1596 1158 Bekk.

1012 1175 1126 1205 {283
1145 1175 1176 1204 5.
1203 1173 1366 1215 ἱδρυμένας]
1390 1170 1548 1212 ἱδρυμένους
1569 1181 1589 1209 p
1615 1173 1666 1201 10.

959 1219 1009 1246 13.
1034 1227 1062 1246 ιι.
1087 1227 1118 1246 V.
1142 1217 1230 1246 Med.
1254 1217 1354 1247 Wolf.
1372 1215 1474 1245 Bekk.
1540 1213 1623 1243 Ibid.
1639 1212 1667 1243 ἐν

956 1269 1023 1290 ταις
1038 1268 1098 1288 οιιι.
1115 1269 1146 1288 ιι.
1214 1261 1265 1289 10.
1283 1256 1503 1297 περιβαλέσθαι]
1525 1268 1560 1287 π.
1550 1256 1663 1295 εςιβάλ·

956 1299 1064 1329 asceta.
1080 1311 1110 1329 u.
1122 1301 1227 1330 Bekk.
1295 1304 1347 1331 21.
1361 1301 1465 1330 ἀνελεῖν
1478 1310 1509 1329 u.
1568 1300 1643 1328 22.“
1636 1298 1664 1329 ὴν

957 1348 987 1371 λε
981 1342 1036 1381 γ.]
1052 1343 1086 1377 ὡς
1103 1342 1165 1381 λέγ.
1183 1353 1212 1373 ιι.
1229 1342 1332 1373 Bekk.
1389 1346 1490 1381 antep.
1506 1340 1547 1381 έν]
1563 1340 1617 1370 ἐπὶ
1633 1351 1664 1371 ιι.

957 1385 1059 1415 Bekk.
1106 1386 1159 1416 ult.
1171 1386 1343 1426 παύσωμεν]
1355 1384 1546 1423 παύσομενιι.
1560 1384 1666 1414 Bekk.

1001 1429 1124 1458 P.0284.
1137 1432 1166 1459 1.
1182 1429 1376 1462 αυτοιςικανον
1392 1439 1422 1458 ιι.
1432 1427 1537 1463 Bekk.
1581 1426 1664 1457 Ibid.

957 1470 1038 1500 εὖποο
1026 1470 1166 1512 ίσαντες]
1184 1470 1390 1511 πορίσαντεςιι.
1407 1470 1506 1501 Bekk.
1554 1471 1584 1499 8.
1595 1470 1667 1500 ἀπο-

957 1524 1030 1553 τεμν
1033 1514 1125 1553 ὀμειον
1139 1515 1240 1544 Wolf.
1255 1514 1468 1554 ἀωονεμὲμενον
1484 1524 1515 1543 ν.
1575 1514 1605 1542 9.
1621 1511 1668 1550 ξε-

957 1556 1158 1597 νιτευομένους]
1176 1557 1409 1597 πολιτευομένους
1423 1567 1454 1586 u,
1500 1559 1551 1585 11.
1561 1553 1666 1596 ἐχυρῶ-

915 1620 923 1628 .
957 1610 1007 1628 σαι
1023 1600 1115 1641 την]
1104 1599 1193 1639 οςίσαι
1207 1612 1257 1630 την
1271 1611 1301 1630 u.
1319 1600 1423 1630 Bekk.
1469 1601 1521 1629 18.
1535 1599 1666 1639 μαλλον]

957 1653 997 1682 μο
989 1641 1037 1672 ’νον
1053 1653 1082 1672 u.
1144 1645 1194 1673 19.
1210 1642 1295 1676 αυτός
1310 1654 1330 1671 τ
1354 1641 1402 1672 ἐπὶ
1417 1640 1500 1672 ταῦθ’
1517 1652 1547 1671 ιι.
1564 1639 1668 1671 Bekk.

958 1687 1012 1715 24.
1027 1684 1215 1727 γεγόνασιν]’
1206 1685 1384 1724 εγγεγόνασιν
1398 1697 1428 1715 ιι.
1443 1684 1547 1715 Bekk.
1615 1686 1668 1715 25.

958 1727 1054 1768 ἄρχειν
1069 1728 1190 1767 ἦξίωσαν
1205 1739 1234 1758 ιι.
1251 1728 1354 1759 Bekk.
1417 1728 1501 1758 Ibid.
1516 1726 1666 1768 Ἐλληνων]
1694 1726 1698 1729 ”

957 1770 1054 1801 ἄλλων
1070 1782 1100 1801 ιι.
1160 1774 1211 1802 26.
1223 1772 1357 1812 τοσοῦτο]
1371 1782 1504 1801 τοσουτον
1519 1781 1549 1800 ιι.
1565 1769 1667 1800 Bekk.

958 1814 1040 1843 Ibid.
1056 1814 1298 1855 παραπεφρόνηκεν
1316 1825 1335 1853 p
1350 1818 1380 1845 8.
1398 1813 1586 1854 πεςιφςόνηιιεν
1599 1823 1620 1851 p
1635 1815 1666 1844 9.

958 1861 1063 1896 antep.
1098 1856 1275 1898 ἀμύνασθαι]
1311 1856 1470 1897 ἀμύνεσθαι
1502 1867 1532 1886 ιι.
1562 1855 1667 1886 Bekk.

957 1900 1012 1929 ult.
1026 1899 1100 1939 μηδὲ
1114 1901 1187 1930 ἄλλο
1201 1901 1302 1931 Wolf.

1001 1942 1038 1973 P.
1062 1944 1136 1974 285.
1157 1946 1189 1974 4.
1209 1943 1325 1984 αὐτους]
1345 1940 1374 1972 τ’
1387 1941 1488 1976 αυτοὺς
1509 1952 1540 1972 u.
1562 1941 1666 1972 Bekk.

957 1986 989 2015 7.
1005 1987 1069 2019 τοὺς
1080 1985 1221 2020 ’Ἕλληνας
1238 1997 1266 2016 V.
1335 1989 1385 2016 10.
1403 1990 1472 2015 πολ.
1494 1983 1574 2024 πρὸς]
1598 1990 1667 2015 πολ.

957 2039 1006 2057 του
1022 2027 1089 2067 πρὸς
1109 2039 1139 2059 ιι.
1157 2040 1185 2060 V.
1203 2028 1304 2058 Bekk.
1373 2031 1425 2058 11.
1440 2037 1584 2067 προσηκειν
1599 2037 1619 2066 p
1635 2029 1666 2057 8.

958 2072 987 2101 9.
1004 2082 1033 2101 v.
1051 2071 1152 2101 Wolf.
1198 2070 1401 2112 14.πᾶσαν]“
1386 2081 1505 2100 απασαν
1521 2080 1551 2100 ιι.
1563 2069 1667 2100 Bekk.

958 2115 1010 2143 16.
1026 2115 1061 2148 ὡς
1077 2115 1157 2156 περὶ]
1173 2115 1270 2154 ὥσπερ
1283 2113 1351 2153 ὑπὲξ
1368 2124 1396 2144 ιι.
1414 2114 1516 2144 Bekk.
1568 2116 1621 2144 19.
1632 2123 1666 2143 τε

958 2166 1019 2186 οιιι.
1037 2168 1066 2187 ιι.
1111 2160 1162 2189 23.
1178 2156 1368 2198 πατρίδατῆν
1380 2156 1466 2186 αὐτοῦ
1476 2157 1524 2187 τῆν
1540 2166 1569 2186 ιι.
1614 2159 1667 2188 24.

957 2198 1058 2240 ἀπὸ]
1048 2212 1101 2231 υπο
1118 2201 1203 2231 Med.
1217 2201 1287 2231 Ald.
1348 2202 1399 2230 26.
1415 2198 1457 2229 ἐκ.
1473 2198 1575 2238 φανησ.
1591 2201 1666 2238 πρῶ-

957 2241 1044 2283 τον]
1035 2254 1076 2272 εκ.
1089 2243 1145 2282 μὲν
1160 2251 1265 2283 φανησ.
1281 2243 1435 2282 πςῶτηνιι.
1453 2241 1555 2271 Bekk.
1611 2241 1665 2271 ult.

957 2284 972 2316 ἢ
987 2287 1043 2315 τῶν
1058 2284 1105 2315 ἐπὶ
1119 2287 1168 2317 τοῦ
1184 2286 1318 2326 Βηματο·
1332 2283 1506 2324 μαινομένων
1520 2294 1580 2314 om.
1592 2294 1623 2314 V.

1000 2328 1039 2358 Ρ.
1061 2330 1134 2359 286.
1158 2332 1188 2359 4.
1209 2340 1260 2368 μοι
1275 2340 1318 2367 γν.
1338 2327 1402 2369 ἒχ.]
1425 2326 1487 2366 ἐμοὶ
1503 2338 1544 2364 γν.
1558 2325 1612 2378 ἐχ.
1635 2337 1666 2357 ιι.

958 2370 1062 2401 Bekk.
1079 2382 1120 2410 γν.
1136 2370 1185 2414 έχ.
1202 2370 1310 2411 ἔμοιν.
1363 2373 1393 2401 5.
1409 2368 1546 2423 ἐλπίζω]
1556 2367 1667 2400 ἐλπίσω

959 2424 988 2444 ιι.
999 2425 1027 2443 ν.
1046 2414 1150 2444 Bekk.
1198 2416 1228 2444 8.
1243 2425 1397 2453 ποιησομαι
1415 2423 1444 2442 ιι.
1490 2415 1519 2444 9.
1531 2425 1576 2443 οτι
1579 2414 1669 2466 τοις]

956 2456 1000 2487 ἔτι
1019 2457 1130 2492 τούτοις
1151 2468 1182 2487 ιι.
1202 2457 1306 2487 Bekk.
1362 2459 1414 2487 10.
1428 2456 1540 2496 αὐτοῖς]
1559 2468 1595 2485 αυ
1610 2457 1670 2491 τοῖς

958 2500 1042 2529 Med.
1058 2501 1130 2531 Ald.
1201 2500 1284 2530 Ibid.
1301 2498 1369 2540 ὑπὸ]
1386 2499 1456 2538 ὑπὲξ
1472 2499 1546 2529 Ald.
1615 2501 1668 2530 12.

957 2543 1106 2584 ὠφελειῶν]
1119 2543 1242 2582 ὢφελιῶν
1258 2553 1287 2572 ιι.
1302 2542 1404 2573 Bekk.
1466 2544 1519 2572 16.
1533 2544 1590 2572 τῶν
1602 2541 1668 2571 Ἓλ-

957 2586 1039 2616 ληνων
1050 2584 1132 2620 ὄντας
1149 2597 1179 2616 ιι.
1195 2586 1299 2616 Bekk.
1361 2587 1412 2615 17.
1428 2586 1477 2615 τῆν
1491 2595 1550 2615 οιιι.
1567 2585 1667 2615 Wolf.

958 2629 1041 2659 Ibid.
1067 2627 1211 2681 ζασιλεις]
1233 2626 1374 2663 Βασιλέας
1395 2638 1425 2658 ιι.
1447 2627 1546 2658 Bekk.
1613 2629 1665 2658 20.

954 2672 1050 2713 κεῖνοι]
1066 2670 1162 2706 κείνους
1177 2683 1206 2702 ιι.
1224 2672 1329 2702 Bekk.
1375 2673 1428 2701 21.
1443 2670 1522 2701 ἀλλὰ
1537 2680 1666 2710 μετανα-

956 2714 1038 2744 στέον
1053 2715 1100 2744 καὶ
1122 2713 1346 2755 ἀναστςεπτέον]
1370 2712 1441 2743 ἀλλ’
1455 2712 1666 2753 οἷνοιστςεπτέον

955 2757 1003 2786 καὶ
1017 2757 1225 2796 μεταστατέον
1241 2768 1270 2788 u.
1288 2768 1317 2787 V.
1333 2756 1435 2787 Bekk.
1485 2758 1536 2791 24.
1551 2766 1587 2785 σε
1602 2754 1665 2786 πεί-

955 2799 1014 2830 θειν
1036 2811 1065 2831 u.
1090 2800 1192 2830 Bekk.
1265 2811 1338 2840 pen.
1368 2797 1494 2836 εὐλογίαν
1525 2809 1602 2828 corr.
1632 2809 1662 2830 u.

956 2843 1037 2873 Ibid.
1055 2843 1152 2883 φημην
1166 2844 1230 2885 την]
1246 2844 1342 2883 φημην
1358 2841 1406 2871 καῖ
1421 2842 1471 2872 τήν
1486 2841 1599 2881 μνήμην
1614 2844 1663 2873 τὴν

955 2896 984 2917 ιι.
999 2886 1103 2917 Bekk.

999 2929 1036 2959 P.
1053 2932 1127 2960 287.
1143 2931 1173 2959 7.
1198 2928 1267 2958 ἀλλ’
1280 2927 1321 2958 ἔτι
1338 2927 1426 2957 Med.
1444 2927 1514 2956 ΛΜ.
1582 2928 1663 2958 Ibid.

956 2975 1010 3002 τῶν
1025 2972 1143 3006 ἀνοήτως
1158 2969 1331 3011 φιλουμένων
1345 2970 1403 3003 τοῖς
1411 2972 1529 3003 πολλοῖς
1543 2971 1662 3012 ὁλοσχε-

956 3017 1005 3055 ξῶς
1027 3015 1165 3056 διακειμ]
1183 3016 1238 3045 τῶν
1254 3013 1335 3044 ὄντων
1353 3013 1512 3048 ἀπλήστως
1535 3013 1662 3053 &taxem-
