1914 3314
224 208 308 248 324
780 202 1105 244 BERGMANI

226 321 380 371 pellant.
440 318 528 356 Vid.
550 317 687 355 Cleero
708 316 755 354 de
776 316 866 353 Nat.
888 316 1007 352 Deor.
1027 314 1079 351 ΙΙ.
1102 317 1164 352 29.
1187 313 1235 351 de
1257 314 1344 352 Div.
1367 314 1399 351 1.
1418 317 1482 354 25.
1500 312 1547 350 ad
1569 314 1651 351 Att.

226 383 274 420 V.
298 386 358 420 11.
380 381 518 430 quibus
541 385 667 416 tamen
695 377 789 415 loeis
810 378 992 414 Ernestus
1015 374 1137 412 edidit
1157 372 1394 424 Ariopagus,
1415 374 1470 411 uti
1490 380 1528 411 et
1553 373 1656 423 apud

228 445 407 481 Senecam
428 443 474 479 de
495 442 638 490 Trauq.
659 442 734 477 An.
756 441 800 477 C.
824 443 861 476 3.
883 440 919 475 in
941 437 968 475 f.
991 436 1215 486 Ariopagos
1235 436 1381 483 legitur.
1412 437 1604 473 Juvenalis
1620 442 1659 473 et

229 505 388 542 Ovidius
419 505 597 541 Graecam
636 501 819 538 rationem
855 499 977 536 secuti
1011 498 1218 547 appellant,
1250 497 1310 533 ille
1346 499 1425 534 Sat.
1459 498 1531 535 IX.
1573 503 1658 535 101.

230 570 253 588 ‘⁸
269 566 409 603 curiam
434 562 607 607 Martis‚''
628 563 686 599 hic
716 561 813 598 Met.
832 561 880 598 V.
901 565 965 600 70.
987 563 1010 580 “
1027 558 1226 607 scopulum
1259 557 1482 594 Mavortis?
1537 559 1661 601 Quid-

229 627 317 677 qUId
341 640 428 664 vero
453 626 536 674 ejus
567 624 619 660 rel
652 623 712 666 sit,
737 622 785 659 ab
814 622 884 658 ista
911 620 1329 670 appellatione''Apftoc
1357 619 1479 666 πάγος
1508 619 1663 672 ducitur

229 688 408 726 Judicum
428 687 506 724 sive
532 686 758 722 Senatorum
780 681 989 731 appellatio
1007 683 1300 731 Ἀρειοπιιγῖται.
1324 679 1519 715 Plutarch.
1541 692 1578 728 p.
1599 684 1662 718 88.

230 749 275 787 Ε.
331 749 402 787 Sed
428 745 698 798 frequentioris
723 757 809 781 usus
828 743 993 786 videtur,
1014 743 1184 791 neglecta
1206 741 1464 790 diphthongo,
1486 740 1665 790 Ἀρεοπα-

231 817 344 859 γῖται.
401 809 597 847 Plutarch.
628 820 665 856 p.
698 810 761 844 89.
797 808 841 841 A.
871 804 916 841 Τ.
947 804 1000 840 ΙΙ.
1030 817 1066 852 p.
1098 805 1187 839 384.
1216 802 1258 839 B.
1316 802 1534 851 Hyperides
1563 802 1665 851 apud

230 873 458 910 Athenaeum
485 870 594 907 XIII.
616 882 656 918 p.
680 871 768 906 566.
787 865 1001 902 laudandus
1022 869 1051 912 ξ.
1073 865 1131 910 ιη’.
1191 863 1378 900 Lucianus
1404 862 1452 900 de
1481 863 1667 912 Gymnas.

231 933 280 971 T.
306 934 336 971 l.
364 947 401 983 p,
423 936 501 972 742
527 937 563 967 et
590 933 679 968 743.
701 928 776 964 Ed.
802 928 885 964 Bas.
939 926 1156 962 Dinarchus
1184 932 1318 961 contra
1349 924 1549 962 Demosth.
1575 929 1604 971 ξ.
1625 924 1666 963 θ’.

233 995 346 1032 etiam
368 995 487 1032 Lucas
509 993 596 1029 Act.
619 989 749 1027 XVII.
767 992 830 1026 34.
887 988 989 1025 Hinc
1012 988 1185 1024 Latinum
1207 986 1476 1036 Areopagitoe.
1529 987 1668 1024 Cicero

233 1054 282 1092 de
302 1055 380 1093 Off.
402 1055 435 1092 I.
456 1058 520 1091 32.
553 1051 649 1089 Phil.
669 1051 716 1087 V.
739 1054 775 1087 5.
808 1049 916 1086 Balb.
942 1053 1001 1086 12.
1025 1049 1113 1085 item
1136 1048 1183 1084 de
1206 1048 1294 1084 Div.
1319 1048 1350 1085 I.
1372 1051 1435 1084 25.
1459 1047 1522 1084 ubi
1543 1056 1668 1086 tamen

234 1116 307 1154 Ed.
327 1116 417 1153 Ern.
434 1115 549 1152 habet
572 1111 830 1162 Ariopagitas
859 1109 904 1146 ad
928 1110 1011 1146 Div.
1035 1109 1148 1146 XIII.
1166 1113 1202 1146 1.
1257 1107 1541 1151 Quinctilianus
1562 1109 1610 1146 V.
1631 1115 1670 1148 9.

236 1178 382 1215 Gellius
409 1177 503 1214 XII.
530 1181 566 1216 7.
600 1173 822 1210 Macrobius
852 1171 1004 1208 Saturn.
1025 1170 1115 1206 VII.
1146 1174 1180 1206 1.
1240 1168 1350 1205 Unde
1374 1167 1576 1205 formatum
1601 1169 1669 1206 ad-

228 1238 414 1288 jectivum
436 1235 738 1287 Areopagiticus
764 1233 877 1269 habet
899 1231 1081 1268 Sidonius
1104 1230 1332 1280 Apollinaris
1352 1230 1424 1266 IX.
1448 1231 1519 1278 Ep.
1542 1234 1580 1267 9.
1619 1230 1672 1268 Ut

233 1299 410 1336 videatur
445 1299 547 1349 apud
578 1300 740 1334 Graecos
771 1299 996 1343 usurpatum
1026 1292 1140 1329 fuisse
1174 1292 1473 1343 Ἀρεοπαγιτικὸς
1503 1294 1604 1342 (quae
1635 1299 1674 1330 et

234 1360 431 1397 Orationis
461 1359 632 1409 Lysiacae
654 1356 723 1393 VI.
751 1354 950 1402 inscriptio
976 1359 1048 1402 est,
1070 1366 1146 1389 non
1173 1361 1299 1389 autem
1324 1352 1674 1403 Ἀρειοπαγιτικὸς),

235 1420 369 1458 itidem
403 1420 561 1457 ductum
592 1431 612 1454 a
644 1416 796 1454 nomine
831 1413 1069 1451 substantivo
1098 1413 1382 1462 Ἀρεοπαγίτης.
1439 1413 1571 1458 Quod,
1605 1414 1675 1452 nisi

234 1488 390 1532 praestet
422 1488 539 1518 totam
569 1479 786 1516 varietatem
820 1475 981 1512 librariis
1015 1474 1197 1520 tribuere,
1229 1487 1275 1511 ex
1309 1474 1468 1524 Linguae
1502 1474 1678 1522 analogia

235 1542 334 1581 forte
359 1543 412 1580 ita
432 1540 612 1592 explicari
635 1546 778 1590 potest,
799 1543 841 1574 ut
862 1543 989 1573 ortum
1012 1535 1118 1572 dicas
1137 1548 1212 1572 non
1233 1549 1252 1572 e
1273 1534 1548 1584 conjunctione
1566 1534 1674 1584 adJe-

235 1604 327 1642 ctivi
344 1605 490 1654 ’Άρειος
511 1615 596 1639 cum
623 1599 774 1636 nomine
804 1597 1045 1635 substantivo
1065 1597 1202 1645 πάγος,
1224 1596 1262 1635 h.
1284 1611 1316 1634 e.
1338 1595 1449 1634 collis
1470 1596 1677 1640 lWarlius:

237 1666 303 1703 sed
326 1665 374 1701 ab
384 1664 533 1715 '‘Ape-oe,
551 1661 736 1699 Genitivo
753 1659 1060 1710 nominiS’'Apng,
1075 1666 1114 1696 et
1130 1661 1265 1707 πάγος,
1280 1664 1320 1695 ut
1336 1658 1529 1708 slt'‘Apeoc
1542 1658 1678 1707 πάγος,

235 1725 344 1764 collis
373 1725 539 1770 Martis,
568 1729 765 1762 contracte
793 1722 1039 1771 Ἀρεόπαγος,
1079 1719 1403 1770 quemodmodum
1440 1732 1460 1756 a
1494 1719 1678 1757 Genitivo

238 1787 402 1826 nominis
439 1787 578 1837 Pelops
616 1784 770 1822 ducilur
805 1784 1096 1828 Πελοπόννησος
1134 1794 1203 1831 pro
1237 1780 1410 1823 Πέλοπος
1448 1788 1581 1826 ι’ῆσοςζ
1629 1781 1678 1819 ab

237 1851 466 1902 Ἀρεόπαγος
493 1854 634 1892 autem,
653 1845 725 1883 etsi
745 1858 822 1882 non
851 1844 1023 1881 videatur
1049 1844 1087 1880 in
1117 1856 1186 1880 usu
1215 1842 1344 1888 fuisse,
1374 1843 1678 1892 ducatur'Apeo-

239 1912 415 1958 παγὶτης.
473 1907 639 1946 Accedit
659 1906 820 1943 fortasse
849 1905 1082 1949 Latinorum,
1105 1905 1174 1941 etsi
1204 1917 1278 1940 non
1305 1910 1497 1948 constans,
1518 1917 1679 1942 cousue-

241 1972 334 2010 tudo
348 1970 632 2021 diphthongum
651 1971 681 2006 εἰ
703 1969 738 2004 iu
757 1966 972 2011 imutandi‚
986 1972 1022 2003 ut
1039 1966 1069 2002 si
1087 1966 1227 2003 Graece
1249 1978 1438 2015 nunquam
1460 1965 1569 2002 aliter
1589 1965 1681 2003 scri-

240 2040 348 2085 ptum
371 2033 518 2077 fuisset,
538 2044 653 2082 quam
669 2031 929 2081 Ἀρειόπαγος,
951 2031 1250 2078 Ἀρειοπαγίτης,
1271 2027 1325 2064 illi
1354 2029 1481 2077 potIus
1502 2027 1683 2077 scripturi

241 2096 358 2134 fuisse
379 2096 579 2133 videantur
598 2092 840 2144 Ariopagus,
861 2090 1115 2141 Ariopagsta,
1132 2090 1445 2141 Ariopagilicus.
1475 2089 1548 2127 Sed
1567 2096 1606 2126 et
1620 2089 1683 2128 hic

243 2157 330 2195 libri
353 2157 512 2194 variant.
567 2154 682 2192 Certe
707 2167 792 2191 cum
810 2152 1116 2204 Ἀρεοπαγιτικὸς
1147 2152 1184 2188 in
1214 2151 1469 2200 Inscriptione
1499 2150 1685 2188 Isocratei

246 2217 384 2268 operis,
400 2216 761 2259 Grammaticorum,
780 2213 940 2251 aliorum
957 2213 1206 2262 Scriptorum,
1232 2212 1390 2250 Codicis
1410 2212 1518 2249 unius
1536 2214 1590 2259 (et
1607 2210 1685 2248 for-

248 2286 347 2316 tasse
367 2279 546 2329 plurium,
566 2289 653 2314 nam
672 2276 721 2313 de
747 2275 819 2312 ista
839 2275 1019 2312 varietate
1042 2287 1168 2320 nemo,
1191 2273 1296 2324 quod
1318 2273 1435 2310 sciam
1456 2285 1600 2318 eorum,
1620 2272 1686 2320 qui

248 2352 313 2377 eos
333 2340 592 2383 contulerunt,
610 2338 821 2388 quidquam
843 2338 1066 2385 annotavit),
1086 2342 1281 2387 postremo
1304 2335 1524 2372 Editionum
1545 2334 1686 2385 princi-

248 2414 338 2451 pum
369 2400 596 2437 auctoritate
628 2400 797 2441 nitatur-3
830 2399 884 2436 sic
913 2405 1055 2444 statuo,
1081 2411 1162 2435 eam
1191 2397 1384 2435 scribendi
1406 2397 1590 2434 rationem
1611 2409 1688 2433 non

247 2460 358 2511 plane
382 2460 646 2511 spernendam,
669 2459 735 2506 sed
758 2459 938 2496 ulteriore
959 2459 1131 2497 examine
1151 2459 1304 2509 dignam
1326 2471 1422 2496 esse.
1480 2457 1685 2495 Maluimus

248 2529 373 2562 tamen
395 2524 506 2574 vulgo
526 2529 681 2574 recepto
699 2522 1016 2573 Ἀρειοπαγιτικὸς
1037 2535 1145 2559 suum
1167 2522 1291 2559 locum
1312 2521 1542 2570 relinquere.

302 2585 492 2629 Quaeriter
511 2585 676 2635 insuper,
696 2597 772 2634 qua
795 2584 842 2621 de
863 2597 977 2621 causa
999 2583 1050 2620 ita
1066 2583 1296 2621 inscribatur
1310 2583 1461 2620 Oratio.
1491 2580 1598 2618 Nihil
1616 2580 1687 2618 hae

250 2646 298 2684 de
325 2659 363 2684 re
396 2647 563 2684 Veteres.
621 2644 747 2693 Vulgo
779 2645 1017 2682 existimatur
1036 2657 1117 2682 cain
1151 2644 1202 2681 ita
1228 2643 1369 2681 dictam
1390 2655 1486 2687 esse,
1508 2640 1610 2692 quod
1639 2641 1688 2678 ab

252 2707 420 2745 Isocrate
436 2707 473 2744 in
487 2708 690 2756 Areopago
712 2705 840 2742 habita
861 2706 985 2743 fuerit.
1016 2705 1103 2743 Vid.
1123 2704 1254 2743 Wolfii
1269 2710 1528 2755 argumentum
1546 2702 1582 2739 in
1599 2701 1688 2749 fine,

253 2769 317 2820 qui
338 2776 525 2820 praeterea
546 2767 582 2804 in
607 2767 862 2804 Annotatione
883 2768 938 2804 ait
957 2780 1038 2804 eam
1061 2767 1195 2804 Latine
1215 2765 1291 2803 dici
1312 2777 1425 2815 posse
1449 2764 1689 2802 Senatorium

253 2831 330 2869 sive
351 2830 581 2876 Censorium,
602 2827 679 2864 sive
700 2827 748 2864 de
772 2828 1011 2879 Corrigenda
1031 2833 1065 2866 et
1089 2825 1321 2865 Ordinanda
1346 2824 1572 2875 Republica.
1619 2825 1691 2862 Po-

254 2892 327 2930 tius
342 2891 569 2942 simpliciter
585 2895 754 2927 vertatur
771 2890 906 2927 Oratio
924 2889 1219 2940 Areopagitica,
1235 2888 1292 2925 vel
1313 2893 1352 2924 et
1373 2886 1689 2937 Areopagiticus.

255 2953 378 2995 Aliter
400 2953 449 2990 H.
471 2951 688 3005 Stephanus
716 2949 751 2985 in
787 2950 964 2988 Diatribe
995 2951 1186 2989 Isocratea
1218 2948 1290 2986 III.
1313 2961 1389 2997 qua
1416 2948 1538 2998 agitur
1564 2947 1613 2986 de
1632 2947 1692 2985 di-
