1924 3314
259 204 338 245 156
819 199 1132 241 PRAEFATIO

255 317 426 368 Olyntho
459 319 523 352 νῦν
552 319 589 351 et
625 316 823 365 πολεμοῦσι
853 321 1025 365 tempore
1054 313 1233 364 praesenti
1262 313 1347 362 legi,
1381 319 1420 350 et
1449 311 1496 348 de
1527 312 1692 360 Amynta

255 376 538 428 συμπράττρυσι,
559 387 708 412 omnem
729 375 826 413 hanc
844 375 1107 425 conjecturam
1128 373 1312 423 repudio:
1344 373 1474 410 saltem
1491 371 1693 407 vehemen-

253 446 312 476 ter
331 435 492 474 dubito:
523 449 686 486 namque
704 435 790 473 vivo
811 437 998 481 Isocrate,
1020 435 1114 473 vixit
1133 441 1259 472 autem
1282 433 1378 470 ultra
1399 433 1481 470 liaec
1502 438 1691 480 tempora,

254 510 365 535 nemo
385 496 615 546 interpolare
644 496 855 534 orationem
881 510 994 534 ausus
1022 502 1079 533 est
1097 509 1106 533 ε
1136 508 1206 533 cur
1224 506 1328 543 erg0,
1349 493 1414 543 qui
1435 491 1690 542 interpolavit,

254 570 371 607 quum
403 570 462 594 res
487 556 571 605 jam
599 563 718 607 gestae
747 564 890 601 essent,
914 570 989 594 non
1022 556 1234 606 perfectum
1262 554 1485 603 usurpavit?
1541 553 1692 590 Cei-tius

253 618 430 656 mendum
443 617 595 655 alterius
609 618 683 654 loci
697 618 744 654 de
757 617 974 655 defectione
984 618 1141 667 AEgypti
1157 617 1418 653 demonstrare
1433 627 1598 664 possum.
1617 614 1693 650 Ter

251 681 366 730 igitur
384 680 506 728 reperi
521 679 728 729 AEgyptum
748 680 797 716 ab
813 680 1024 716 Artaxerxe
1044 679 1249 715 Mnemone
1270 676 1488 714 descivisse.
1522 676 1691 712 Primum

255 741 569 786 Lacedaemoniis,
596 754 616 777 a
643 740 802 778 Conone
834 739 935 778 bello
962 739 1125 790 petitis‚‘
1162 739 1407 788 Nephereus,
1428 737 1584 788 AEgypti
1613 750 1691 781 rex,

251 803 442 841 frumenta
462 803 576 848 misit,
594 815 681 852 quae
709 809 767 840 est
792 803 1019 847 ἀποστασία,
1047 801 1276 839 defectionis
1295 813 1316 837 a
1337 813 1422 849 rege
1443 799 1583 836 Persiae
1605 811 1694 848 pro-

252 863 380 901 fessio.
437 863 617 900 Secundo
648 862 797 908 Acoris,
835 875 901 899 rex
939 861 1110 912 AEgypti,
1142 862 1354 910 Evagoram
1388 866 1523 898 contra
1559 859 1694 896 Persas

246 924 362 974 juvit,
399 924 609 974 habuitque
645 923 860 972 adjutorem
891 924 1021 968 Gaon,
1056 923 1284 973 praefectum
1330 922 1459 959 classis
1498 919 1696 958 Persicae.⁶

251 988 337 1025 Jam
368 987 425 1023 hae
460 986 614 1034 quidem
647 985 886 1023 defectiones
920 998 1009 1022 cum
1041 998 1087 1022 eo
1118 991 1290 1034 tempore
1321 982 1561 1033 Panegyrici‚
1589 981 1692 1032 quod

252 1048 301 1084 ab
322 1047 427 1084 initio
447 1047 679 1084 constituere
696 1047 825 1084 conati
842 1059 985 1091 sumus,
1000 1045 1234 1083 conveniunt
1251 1058 1260 1084 ε
1292 1043 1356 1081 sed
1377 1057 1445 1080 nec
1463 1045 1696 1080 Artaxerxes

253 1108 313 1145 vel
331 1108 535 1157 Nephereo
558 1107 696 1144 bellum
716 1106 888 1157 intulisse
910 1119 1068 1154 usquam
1090 1106 1265 1151 traditur,
1283 1105 1342 1142 vel
1360 1103 1517 1141 Acoridi
1539 1105 1696 1152 (contra

254 1182 364 1217 quem
387 1170 466 1206 sine
486 1169 602 1205 dubio
622 1168 781 1206 ultionis
802 1168 942 1213 studio,
964 1167 1074 1204 finito
1093 1166 1246 1204 demum
1269 1165 1370 1202 bello
1396 1170 1529 1202 contra
1549 1164 1697 1213 Evago-

254 1243 346 1275 ram,
368 1230 651 1279 expeditionem
683 1229 860 1279 paravit,⁷
889 1241 1107 1279 quanquam
1135 1228 1257 1278 ipsum
1286 1227 1424 1263 bellum
1459 1224 1577 1262 serius
1605 1237 1694 1262 cum

255 1291 472 1328 Nectanebi
493 1299 638 1340 gestum
667 1293 752 1339 est),
775 1304 843 1327 nec
864 1290 949 1328 talis
969 1290 1042 1327 fuit
1069 1296 1242 1334 eventus,
1270 1287 1441 1338 potuitve
1467 1300 1564 1331 esse,
1593 1285 1696 1323 bello

255 1366 330 1389 non
359 1359 479 1402 gesto,
509 1353 630 1400 qualis
660 1353 698 1389 in
726 1353 812 1389 loco
841 1351 1053 1390 Isocratico
1081 1350 1319 1388 describitur.
1377 1348 1499 1398 Igitur
1527 1347 1697 1385 narratio

255 1413 416 1449 oratoris
444 1426 465 1449 a
496 1414 550 1449 rei
580 1421 697 1463 gestae
727 1414 884 1450 veritate
914 1413 1110 1450 abhorret.
1167 1412 1310 1449 Tertiae
1337 1410 1492 1460 AEgypti
1526 1409 1697 1447 defectio

255 1475 366 1523 plane
399 1475 454 1512 sic
484 1481 633 1512 narrata
661 1481 719 1512 est
750 1489 771 1512 a
807 1474 1012 1520 Diodoro,⁸
1050 1480 1131 1511 tum
1164 1473 1293 1521 quoad
1328 1472 1435 1508 ducis
1456 1470 1695 1508 Pharnabazi

255 1549 408 1581 nomen,
430 1544 506 1574 turn
530 1537 658 1585 quoad
677 1543 854 1573 eventum
888 1550 952 1573 seu
986 1535 1195 1572 discessum
1221 1536 1415 1571 Persarum
1443 1547 1487 1570 ex
1512 1532 1696 1583 AEgypto,

255 1603 296 1634 ut
315 1597 363 1634 ab
386 1598 568 1636 Isocrate.
627 1597 747 1646 Atqui
775 1598 848 1634 hoc
876 1596 1030 1637 bellum,
1052 1603 1094 1633 ut
1113 1603 1200 1633 ante
1221 1597 1397 1641 diximus,
1418 1596 1611 1634 recentius
1638 1601 1697 1633 est

255 1665 427 1707 tempore
449 1658 700 1708 Panegyrici:
732 1664 969 1707 quapropter
999 1664 1120 1695 totum
1151 1658 1239 1703 hoc,
1272 1658 1376 1708 quod
1405 1658 1481 1707 agit
1513 1657 1561 1695 de
1595 1658 1699 1696 bello

256 1727 388 1756 contra
408 1719 664 1764 Nectanebin,
686 1721 849 1757 ducibus
871 1720 1035 1757 Persicis
1055 1728 1092 1758 et
1108 1727 1258 1766 eventu,
1276 1720 1526 1758 resecandum
1542 1720 1700 1758 videtur

255 1793 276 1816 a
300 1780 558 1830 Panegyrico:
609 1781 662 1818 ita
694 1782 795 1818 enim
834 1781 1056 1828 relinquitur
1091 1781 1259 1818 defectio
1293 1781 1352 1818 vel
1387 1781 1600 1832 Nepherei,
1638 1781 1695 1819 vel

256 1840 447 1885 Acoridis,
468 1841 531 1878 illa
551 1842 743 1891 antiquior
759 1842 1013 1892 Panegyrico,
1037 1842 1120 1879 haec
1138 1843 1318 1892 aequalis:
1347 1855 1430 1880 esse
1452 1855 1541 1879 vero
1559 1849 1699 1880 utram-

256 1915 331 1952 que
355 1901 653 1952 intelligendam‚
679 1902 766 1940 iude
800 1903 844 1940 fit
874 1903 1074 1947 credibile,
1102 1903 1206 1952 quod
1240 1903 1339 1952 apud
1371 1903 1580 1940 Isocratem
1611 1903 1696 1942 haec

256 1962 454 2011 leguntur:
484 1966 518 2000 τί
537 1962 801 2014 διαπέπρακται
822 1964 916 2014 πρὸς
943 1963 1026 2006 τούς
1053 1963 1212 2014 ’ἔχοντας
1232 1966 1358 2009 αὑτὴν,
1380 1963 1453 2001 hoc
1472 1970 1543 2009 est,
1562 1972 1698 2002 contra

256 2024 353 2061 duos
375 2036 495 2073 reges,
515 2024 667 2061 diverso
688 2031 859 2075 tempore
879 2026 1080 2076 imperium
1102 2026 1333 2062 obtinentes.
1388 2026 1553 2062 Accedit
1577 2025 1720 2073 aliud,-

258 2086 359 2133 quod
379 2085 683 2123 additamentum
704 2086 791 2134 ejici
813 2085 942 2135 jubet.
999 2087 1218 2131 Quomodo,
1241 2086 1270 2123 si
1292 2086 1353 2123 hic
1375 2086 1423 2122 de
1444 2086 1544 2124 bello
1563 2094 1698 2125 contra

260 2147 502 2183 Nectauebin
524 2155 713 2197 ageretur,
736 2149 924 2198 potuisset
945 2149 1134 2186 Isocrates
1155 2149 1348 2185 scribere:
1380 2147 1486 2185 Μετὰ
1508 2154 1622 2186 ταῦτα
1641 2149 1701 2186 ἐπ’

261 2206 461 2255 Εὐαγόραν
483 2210 719 2259 στρατεύσας,
742 2223 857 2259 quum
879 2210 1018 2247 bellum
1044 2211 1224 2259 Evagorae
1247 2209 1327 2258 jam
1346 2215 1457 2246 antea
1476 2209 1695 2248 confectum

259 2267 400 2306 fuerit?
432 2270 461 2305 E
481 2271 672 2307 contrario
691 2271 774 2309 haec
795 2271 891 2309 bene
912 2272 1122 2315 cohaerent,
1144 2271 1174 2308 si
1207 2277 1350 2322 πρῶτον
1372 2270 1446 2322 ’μὲν
1475 2271 1524 2308 ad
1555 2271 1696 2310 alteru-

259 2342 353 2368 tram
377 2333 545 2381 priorum
567 2335 841 2383 defectionum,
857 2336 916 2373 vel
937 2342 1139 2385 utramque
1164 2335 1261 2373 adeo
1287 2336 1496 2373 referatur:
1526 2336 1579 2374 ita
1597 2337 1696 2374 enim

258 2397 349 2443 μετὰ
377 2400 490 2432 ταῦτα
513 2397 700 2446 significat
720 2412 814 2445 rem,
834 2412 918 2446 quae
937 2398 1110 2448 profecto
1133 2405 1219 2448 post
1239 2398 1320 2436 illas
1341 2399 1578 2437 defectiones
1596 2400 1697 2438 acci-

260 2455 330 2499 dit,
348 2454 382 2491 id
406 2455 509 2504 quod
532 2457 579 2492 de
601 2457 806 2507 Nephereo
824 2460 1060 2508 exploratum
1078 2465 1149 2504 est,
1165 2459 1213 2496 de
1234 2459 1400 2497 Acoride
1416 2460 1504 2498 hinc
1524 2467 1698 2510 apparet,

263 2515 366 2563 quod
386 2516 595 2562 Evagoram
626 2518 660 2554 iu
690 2519 804 2557 initiis
831 2521 919 2557 belli
953 2527 991 2558 et
1022 2521 1215 2558 molitione
1235 2522 1396 2571 adjuvit,
1417 2522 1581 2572 ideoque
1611 2530 1698 2561 ante

262 2576 384 2624 ipsum
406 2576 543 2614 bellurn
575 2579 737 2617 descivit
757 2594 775 2617 a
799 2582 937 2619 Persis.
994 2585 1122 2632 Atque
1151 2583 1204 2620 sic
1232 2583 1482 2620 Isocraticum
1512 2587 1546 2621 τί
1575 2584 1698 2622 διαπέ-

262 2653 418 2687 πρακται
439 2652 611 2688 maguum
641 2649 901 2692 contemptum
923 2643 1114 2694 exprimit,
1137 2645 1319 2694 quoniam
1348 2646 1543 2694 expeditio
1572 2646 1700 2683 Persa-

263 2711 342 2736 rum
364 2707 495 2753 contra
517 2701 731 2739 defectores
753 2717 798 2741 ne
820 2712 999 2755 suscepta
1015 2706 1170 2755 quidem
1191 2713 1262 2743 est.

317 2761 356 2797 Si
377 2762 438 2798 cui
459 2761 555 2799 forte
576 2763 612 2799 in
641 2771 804 2801 mentem
825 2767 950 2804 veniat
968 2767 1130 2817 opinari,
1154 2768 1210 2804 bis
1227 2767 1396 2817 potuisse
1419 2768 1696 2818 Panegyricum

305 2854 316 2871 ἦ
342 2856 434 2884 lsocr.
459 2856 572 2892 Paneg.
597 2868 623 2886 c.
655 2859 706 2886 11-1.
743 2857 830 2886 Diod.
856 2859 916 2888 Sic.
945 2861 962 2889 Ι.
1039 2862 1052 2881 ⁶
1078 2862 1166 2890 Diod.
1181 2862 1241 2890 Sic.
1259 2861 1278 2889 1.
1297 2861 1371 2890 XV.
1389 2873 1416 2899 p.
1431 2862 1462 2896 5,
1483 2862 1513 2890 6.
1532 2864 1563 2897 9,
1582 2866 1633 2891 10.

266 2898 361 2926 xlv.
374 2910 402 2937 p.
418 2900 491 2929 703.
513 2899 548 2927 nd
573 2908 661 2937 quem
680 2901 776 2929 locum
793 2902 962 2931 wessetiu-
1039 2906 1050 2924 ⁷
1078 2904 1167 2933 Diod.
1180 2905 1238 2932 sic.
1256 2903 1330 2932 ibid.
1347 2915 1376 2942 p.
1395 2906 1445 2934 ‘2:3.

264 2941 329 2976 gius
353 2951 458 2969 nomen
481 2941 682 2980 Hercynionis
700 2944 776 2981 apud
797 2944 961 2979 Justinunt,
1040 2950 1052 2964 ὅ
1078 2947 1143 2976 Lib.
1161 2946 1233 2976 XV.
1252 2957 1280 2984 p.
1299 2948 1351 2975 313.

267 2983 281 3009 Χ
298 2984 321 3011 l.
337 2987 366 3013 ⁴2.
386 2983 445 3013 Vl.
460 2986 489 3014 (j,
506 2985 536 3013 3.
552 2986 864 3024 oorruptumjudicut.
