1924 3314
513 204 681 246 ΠΕΡΙ
741 175 1280 245 ΙΣΟΚΡΑΤΟΎΣᾈ
1505 194 1575 243 55

133 314 262 366 ἰδίων,
280 317 364 358 τῶν
419 315 427 329 ’
448 314 682 371 ἀλλοτρίων
702 318 821 364 ἧττον
849 315 1077 366 ἐπεθύμουν
1105 313 1130 362 ἢ
1157 315 1240 355 τῶν
1260 311 1485 359 ἀδυνάτων,
1515 315 1579 353 καὶ

133 374 207 422 τὴν
228 371 483 425 εὐδαιμονίαν
504 373 552 414 οὐ
573 373 682 428 πρὸς
703 372 900 427 ἀργύριον
921 370 1094 424 ἔκρινον,
1118 368 1230 411 ἀλλὰ
1250 371 1356 424 πρὸς
1378 366 1578 416 εὐδοξίαν,

134 432 262 485 μέγαν
279 430 456 483 οἰόμενοι
477 435 566 477 τοῖς
588 433 702 471 παισὶ
726 427 977 480 καταλείψειν
998 426 1183 468 πλοῦτον
1202 431 1269 472 καὶ
1287 426 1581 480 ἀνεπίφθονον,

134 488 209 535 τὴν
223 487 333 541 παρὰ
348 492 436 534 τοῖς
450 485 624 535 πλήθεσι
638 487 770 539 τιμήν.
788 487 991 540 κρείττονα
1010 482 1042 526 δ’
1060 485 1238 538 ἡγοῦντο
1257 484 1330 525 τὸν
1347 484 1584 538 εὐσχήμονα

138 541 315 585 θάνατον
337 543 360 592 ἢ
381 545 453 585 τὸν
475 543 597 591 ἀκλεῆ
616 541 730 597 βίον·
750 542 950 583 ἐσκόπουν
971 538 1003 582 δ’
1025 541 1109 596 οὐχ
1129 542 1242 588 ὅπως
1259 541 1296 581 οἷ
1312 541 1430 592 νόμοι
1446 538 1583 586 καλῶς

138 604 202 641 καὶ
231 599 417 656 ἀκριβῶς
443 601 583 647 αὐτοῖς
605 598 779 648 ἕξουσιν,
808 597 904 639 ἀλλ’
926 599 982 645 ὡς
1008 599 1032 646 ἡ
1061 601 1144 639 τῶν
1167 596 1258 638 καθ’
1279 597 1428 651 ἡμέραν
1454 598 1585 644 ἐπιτη-

139 654 345 710 δευμάτων
365 658 572 712 μετριότης
593 655 716 709 μηδὲν
736 653 947 710 ἐκβήσεται
969 656 1051 696 τῶν
1077 657 1271 710 πατρίων’
1295 653 1399 695 οὕτω
1422 651 1455 694 δ’
1476 652 1586 707 εἶχεν

140 714 279 761 αὐτοῖς
294 713 343 755 τά
361 715 468 769 πρὸς
492 713 709 762 ἀλλήλους
731 713 954 768 φιλοτίμως
975 716 1037 753 καὶ
1059 710 1293 760 πολιτικῶς,
1317 711 1413 757 ὥςτε
1435 712 1496 751 καὶ
1513 707 1587 757 τᾶς

142 771 303 818 στάσεις
315 772 525 812 ἐποιοῦντο
540 772 647 825 πρὸς
664 769 894 817 ἀλλήλους,
908 770 1071 823 πότεροι
1086 768 1213 810 πλείω
1225 769 1299 816 τὴν
1311 767 1435 808 πόλιν
1453 765 1588 821 ἀγαθοὶ

141 829 397 875 ποιήσουσιν,
420 828 502 882 οὐχ
522 828 561 868 οἵ
581 843 686 871 τινες
707 827 864 880 ἑτέρους
894 824 1170 872 ἀπολέσαντες
1188 827 1269 865 τῶν
1289 823 1449 864 λοιπῶν
1473 824 1589 865 αὐτοὶ

143 882 324 937 ἄρξουσι·
353 886 404 938 τῇ
429 881 462 924 δ’
483 883 584 937 αὐτῇ
609 884 818 936 προθυμίᾳ
840 882 1043 936 χρώμενοι
1073 884 1135 922 καὶ
1165 881 1273 934 πρὸς
1295 882 1370 929 τὴν
1389 878 1590 927 “Ελλάδα,

141 943 197 993 τῷ
210 941 445 994 θεραπεύειν
460 941 726 994 προσήγοντο
742 937 815 986 τοῖς
829 938 987 986 πόλεις,
1001 942 1064 980 καὶ
1085 940 1141 992 τῷ
1160 939 1314 979 πείθειν
1329 942 1418 984 ταῖς
1437 936 1591 990 εὐεργε-

143 999 248 1043 σίαις
269 995 434 1049 μᾶλλον
455 995 480 1044 ἢ
503 999 558 1050 τῷ
577 994 798 1051 βιάζεσθαι
823 1001 910 1042 τοῖς
935 995 1084 1043 ὅπλοις
1111 1000 1315 1049 κατεῖχον,
1339 994 1591 1047 πιστοτέροις

143 1054 346 1108 χρώμενοι
366 1058 454 1100 τοῖς
474 1051 623 1107 λόγοις
643 1053 667 1101 ἢ
690 1056 765 1094 νῦν
787 1058 875 1100 τοῖς
896 1054 1048 1107 ὅρκοις,
1069 1055 1131 1093 καὶ
1151 1057 1242 1099 ταῖς
1263 1052 1486 1099 συνθήκαις
1505 1048 1592 1096 ἀξι-

142 1114 283 1157 οῦντες
314 1109 480 1163 μᾶλλον
508 1111 684 1163 ἐμμένειν
713 1109 737 1157 ἢ
765 1114 854 1156 ταῖς
883 1108 1093 1163 ἀνάγκαις·
1120 1112 1284 1150 τοιαῦτα
1312 1106 1353 1150 δὲ
1381 1110 1473 1161 περὶ
1507 1109 1591 1148 τῶν

142 1167 326 1215 ἡττόνων
348 1165 556 1214 ἀξιοῦντες
582 1167 811 1221 γινώσκειν,
832 1166 898 1206 οἶα
924 1169 1015 1218 περὶ
1039 1167 1157 1219 σφῶν
1184 1165 1320 1206 αὐτῶν
1347 1166 1444 1211 τοὺς
1470 1166 1593 1218 κρείτ·

141 1241 239 1271 τους
260 1223 310 1265 ἂν
333 1221 514 1272 ἠξίωσαν
535 1228 716 1279 φρονεῖν’
739 1222 844 1263 οὕτω
893 1225 908 1263 ὲ
934 1223 1297 1276 παρεσκευασμένοι
1315 1221 1390 1268 τὰς
1408 1221 1594 1275 γνώμας,

143 1281 199 1328 ὡς
220 1279 297 1334 ἰδίᾳ
321 1283 394 1334 μὲν
422 1280 589 1336 ’ἔχοντες
618 1281 692 1328 τὰς
719 1281 871 1321 ἑαυτῶν
897 1278 1054 1327 πόλεις,
1081 1280 1220 1327 κοινὴν
1249 1276 1290 1320 δὲ
1319 1274 1493 1332 πατρίδα
1517 1281 1593 1326 τὴν

139 1335 326 1379 Ἑλλάδα
348 1339 567 1385 οἰκοῦντες.

198 1393 247 1441 ζ’.
281 1396 354 1442 Τίς
376 1392 409 1435 δ’
431 1395 504 1436 οὐκ
530 1394 580 1436 ἂν
603 1393 821 1449 ἀγαπήσειε
847 1391 1020 1449 μέγεθος
1042 1392 1152 1448 ἔχων
1172 1391 1277 1446 ἀνὴρ
1301 1394 1364 1432 καὶ
1384 1388 1593 1444 δυνάμεως

139 1468 252 1498 τινος
277 1452 521 1506 ἡγούμενος,
551 1449 575 1492 ἃ
602 1452 708 1506 πρὸς
735 1450 946 1492 Φίλιππον
972 1451 1081 1505 αὐτῷ
1106 1450 1178 1491 τὸν
1209 1446 1425 1490 Μακεδόνα
1445 1449 1594 1503 γέγρα-

140 1523 256 1558 πται;
288 1509 330 1549 ἐν
351 1509 416 1555 οἷς
437 1506 544 1555 ἀξιοῖ
566 1509 795 1563 στρατηγὸν
818 1505 946 1563 ἄνδρα
973 1510 1036 1548 καὶ
1059 1506 1300 1556 τηλικαύτης
1320 1503 1506 1552 ἐξουσίας
1526 1505 1594 1546 κύ·-

141 1582 234 1620 ριον
267 1561 523 1607 διαλλάττειν
553 1569 625 1619 μὲν
656 1563 730 1613 τὰς
761 1563 1052 1620 διαφερομένας
1081 1563 1239 1611 πόλεις,
1264 1561 1377 1603 ἀλλά
1405 1563 1460 1616 μὴ
1493 1578 1593 1616 συγ-

142 1623 298 1676 κρούειν
317 1622 424 1676 πρὸς
445 1620 651 1670 ἀλλήλας·
669 1623 743 1669 τὴν
760 1620 793 1663 δ’
809 1621 995 1664 Ἑλλάδα
1013 1620 1198 1676 μεγάλην
1221 1622 1262 1661 ἐκ
1283 1620 1427 1675 μικρᾶς
1447 1623 1590 1661 ποιεῖν·

140 1676 381 1733 ὑπεριδόντα
402 1676 441 1720 δὲ
462 1684 532 1726 τῆς
552 1682 641 1733 περὶ
662 1677 711 1718 τὰ
729 1677 851 1733 μικροὶ
871 1677 1101 1733 φιλοτιμίας
1119 1683 1208 1725 τοῖς
1226 1678 1428 1724 τοιούτοις
1450 1678 1595 1731 ἐπιχει-

139 1740 226 1789 ρεῖν
250 1733 402 1789 ἔργοις,
425 1733 469 1782 ἐξ
489 1737 547 1776 ὧν
568 1733 830 1788 κατορθώσας
849 1752 889 1775 τε
909 1735 1078 1776 πάντων
1098 1734 1314 1787 ἡγεμόνων
1335 1735 1595 1787 ἐπιφανέστα-

139 1808 212 1838 τος
232 1790 352 1838 ἕσται,
377 1795 440 1832 καὶ
462 1790 687 1845 ἀποτυχὼν
708 1793 783 1837 τήν
803 1790 844 1843 γ’
864 1789 1025 1830 εὔνοιαν
1047 1791 1120 1837 τὴν
1141 1789 1251 1842 παρὰ
1270 1790 1353 1829 τῶν
1372 1788 1595 1836 Ἑλλήνων

141 1850 334 1896 κτήσεται,
363 1849 412 1894 ἧς
440 1849 477 1887 οἱ
506 1849 705 1902 τυχόντες
731 1844 884 1899 πολλῷ
910 1845 1077 1898 μᾶλλόν
1106 1847 1178 1885 εἶσι
1206 1843 1477 1899 ζηλωτότεροι
1513 1847 1596 1886 τῶν

138 1902 325 1957 μεγάλας
344 1903 487 1951 πόλεις
515 1907 579 1945 καὶ
605 1901 773 1950 πολλάς
795 1903 936 1957 χώρας
962 1903 1362 1955 καταστρεφομένων.
1385 1901 1439 1942 ἔτι
1461 1899 1501 1942 δὲ
1520 1918 1598 1942 πα-

141 1960 388 2014 ρακελεύεται
407 1959 608 2013 μιμεῖσθαι
634 1961 709 2008 τὴν
735 1957 991 2013 (Ηρακλέους
1011 1975 1051 1999 τε
1077 1961 1316 2013 προαίρεσιν
1337 1961 1400 1999 καὶ
1420 1959 1503 1999 τῶν
1525 1956 1598 1998 ἄλ·

141 2016 231 2058 λων
260 2017 492 2072 ἡγεμόνων,
524 2019 613 2058 ὅσοι
644 2014 742 2070 μετιί
768 2018 851 2057 τῶν
869 2014 1096 2063 (Ελλήνων
1124 2017 1188 2056 ἐπὶ
1215 2016 1312 2062 τοὺς
1341 2012 1598 2069 βαρβάρους

142 2073 423 2129 ἐστράτευσαν·
448 2076 512 2115 καὶ
534 2076 632 2128 φησὶ
654 2079 802 2128 χρῆναι
822 2074 919 2120 τοὺς
940 2074 1083 2126 ἑτέρων
1105 2070 1371 2126 διαφέροντας
1395 2076 1599 2126 προαιρεῖ-

143 2133 239 2172 σθαι
266 2134 339 2184 μὲν
366 2129 440 2178 τάς
465 2128 639 2185 μέγεθος
667 2131 845 2186 ἐχούσας
869 2127 1052 2185 πράξεις,
1086 2127 1280 2170 ἐπιτελεῖν
1307 2125 1342 2168 δ’
1365 2126 1492 2175 αὐτάς
1519 2127 1598 2180 μετ’

142 2186 300 2243 ἀρετῆς,
322 2188 649 2241 ἐνθυμουμένους
670 2189 731 2229 ὅτι
750 2187 797 2229 τὸ
817 2190 890 2239 μὲν
909 2188 1025 2240 σῶμα
1047 2184 1198 2234 θνητὸν
1218 2185 1381 2241 ἔχομεν,
1403 2183 1598 2226 ἀθάνατοι

142 2243 183 2286 δὲ
204 2245 403 2299 γινόμεθα
423 2242 472 2286 δι’
493 2244 653 2300 ἀρετήν’
676 2248 740 2286 καὶ
766 2250 855 2293 τοῖς
881 2247 954 2298 μὲν
981 2243 1088 2298 πρὸς
1113 2241 1224 2283 ἄλλο
1250 2260 1288 2283 τι
1313 2243 1396 2283 τῶν
1424 2241 1598 2293 ἀγαθῶν

132 2299 366 2349 ’ἀπλήστως
391 2298 649 2355 διακειμένοις
671 2300 903 2358 ἀχθόμεθα,
923 2302 1020 2348 τοὺς
1041 2298 1082 2342 δὲ
1101 2300 1221 2353 τιμὴν
1239 2297 1361 2353 μείζω
1381 2304 1452 2346 τῆς
1469 2299 1597 2354 ὑπαρ-

141 2359 302 2414 χούσης
323 2357 382 2400 ἀεὶ
400 2361 628 2412 κτωμένους
649 2359 901 2413 ἐπαινοῦμεν·
926 2361 989 2399 καὶ
1007 2359 1066 2399 ὅτι
1088 2358 1171 2398 τῶν
1191 2358 1264 2410 μὲν
1283 2354 1443 2403 ἄλλων,
1458 2355 1517 2411 ἐφ’
1533 2357 1596 2403 οἷς

143 2417 359 2471 χαίρουσιν
379 2416 417 2456 οἷ
437 2415 610 2463 πολλοὶ,
630 2419 702 2457 τοῦ
725 2433 764 2458 τε
791 2415 976 2458 πλούτου
1005 2417 1067 2456 καὶ
1096 2412 1230 2469 ἀρχῆς
1258 2416 1320 2455 καὶ
1345 2411 1594 2461 δυναστείας,

142 2471 348 2520 πολλάκις
365 2473 462 2520 τοὺς
483 2474 662 2528 ἐχθροὺς
684 2471 900 2529 συμβαίνει
919 2473 1101 2527 γίνεσθαι
1116 2472 1295 2526 κυρίους,
1311 2475 1383 2518 τῆς
1397 2467 1437 2511 δὲ
1453 2469 1594 2525 ἀρετῆς

143 2532 207 2570 καὶ
228 2534 300 2578 τῆς
325 2527 436 2584 παρὰ
460 2535 549 2578 τοῖς
573 2529 776 2579 πλήθεσιν
805 2530 966 2576 εὐνοίας
992 2530 1089 2576 τοὺς
1112 2526 1286 2576 οἰκείους
1311 2527 1478 2569 ἑκάστου
1500 2526 1595 2575 κλη-

142 2592 349 2641 ρονομεῖν.

199 2641 249 2692 η’.
282 2642 432 2692 Πολλὴ
452 2643 534 2699 γὰρ
560 2641 717 2698 ἀνάγκη
742 2645 838 2691 τοὺς
865 2641 1223 2697 ἀναγινώσκοντας
1251 2644 1373 2682 ταῦτα
1394 2638 1597 2688 δυνάστας

144 2701 406 2756 φρονήματός
432 2718 472 2742 τε
501 2699 692 2754 μείζονος
721 2699 1065 2754 ὑποπίμπλασθαι
1096 2703 1159 2742 καὶ
1189 2697 1356 2753 μᾶλλον
1389 2699 1595 2752 ἐπιθυμεῖν

143 2763 215 2806 τῆς
235 2756 392 2813 ἀρετῆς.

205 2813 255 2856 θ’.
288 2817 364 2862 Τίς
393 2811 429 2856 δ’
451 2813 502 2855 ἂν
529 2812 696 2867 μᾶλλον
724 2815 787 2856 ἐπὶ
813 2815 887 2863 τὴν
916 2812 1173 2862 δικαιοσύνην
1199 2816 1262 2854 καὶ
1289 2813 1363 2861 τὴν
1385 2810 1594 2868 εὐσέβειαν

145 2873 430 2927 προτρέψαιτο,
465 2870 554 2913 καθ’
582 2871 751 2913 ἕκαστόν
781 2869 816 2912 τ’
844 2868 973 2927 ἄνδρα
1002 2869 1082 2926 ἰδίᾳ
1110 2872 1173 2912 καὶ
1207 2872 1323 2925 κοινῇ
1349 2869 1424 2917 τὰς
1450 2868 1594 2915 πόλεις

330 2994 414 3034 Αὖτᾷἱ
425 3013 465 3018 —
477 2994 659 3035 γέγραπται]
673 2995 781 3033 scripta
792 2999 861 3024 tunt
872 2994 907 3024 ab
921 2994 991 3033 ipso,
1006 3003 1057 3032 np.
1075 2993 1113 3022 ab
1125 2993 1272 3022 Isocrate.
1294 2992 1400 3021 Inmu.
