1914 3314
184 941 260 983 Pag.

211 987 260 1015 ed.

190 1029 262 1060 Cor.

183 1075 290 1109 402

933 489 1035 531 ΚΑ.

700 592 1283 644 ΙΣΟΚΡΑΤΟΥΣ

487 720 785 793 ΠΡΟΣ
861 716 1499 766 ΕΥΘΥΝΟΥΝ

740 841 1239 892 1ΑΜΑΡΤΎΡΟΣ.

350 1059 407 1111 α’.
447 1069 536 1112 ΟΥ
558 1059 815 1153 προφάσεως
836 1061 1003 1151 irroga,
1031 1057 1121 1111 δι’
1106 1057 1254 1121 ἥντινα
1278 1058 1395 1124 λε”γω
1414 1055 1525 1130 owse
1546 1067 1640 1109 Nm

277 1131 463 1185 τουτουΐ*
494 1157 572 1185 και
597 1158 689 1227 «γαρ
719 1133 844 1198 φίλος
878 1131 931 1184 ὧν
963 1157 1037 1202 μοι
1065 1132 1281 1199 τυγχάνει
1311 1156 1387 1184 και
1420 1129 1605 1200 δεόμενος
1629 1129 1703 1182 καὶ

276 1205 547 1276 οἷὸικούμενος
579 1231 656 1259 και
687 1206 897 1265 οἱδύνατος
934 1206 1085 1268 εἷπειν,
1117 1205 1221 1265 ω’ςτε
1259 1204 1329 1257 διαὶ
1365 1227 1516 1258 ταυτα
1542 1201 1706 1256 πάντα

277 1279 380 1355 ὑπερ
406 1304 540 1332 αυτ-ου
565 1281 708 1346 λέγειν
733 1279 1072 1352 οἷνοιγκαζομαι.

654 1389 664 1407 ¹
687 1395 784 1419 ΥΠΕΡ
804 1393 924 1418 Νικιογ·
948 1393 1168 1418 ΑΜΑΡΤΎΡΟΣ
1185 1387 1225 1416 Α.
1238 1386 1275 1417 C.
1293 1387 1327 1417 L.

318 1464 593 1493 SUMMARIUM.
621 1461 692 1504 (α’.)
719 1462 837 1498 Nicias,
859 1462 974 1491 amicus

275 1516 373 1541 meus,
387 1506 492 1545 injuria
508 1506 635 1535 affectus
651 1505 832 1543 dicendique
849 1505 974 1543 imperi-

275 1552 324 1577 tus
341 1559 387 1578 ine
404 1548 532 1587 rogavit,
556 1552 587 1577 ut
603 1559 634 1577 se
653 1547 772 1587 [contra
789 1547 973 1586 Euthymm,

276 1591 326 1629 qui
344 1592 460 1620 tertiam
478 1591 608 1629 depositi
631 1590 759 1629 alicujus
782 1595 899 1628 partem
916 1600 973 1618 non

275 1633 412 1663 reddidit
428 1639 456 1663 et
472 1633 628 1671 accepisse
652 1633 755 1673 negat]
770 1632 974 1661 defenderem.

277 1674 351 1715 (θ’.)
371 1677 455 1711 Rem,
466 1686 550 1714 quam
562 1675 742 1705 brevissime
756 1679 873 1712 potero,
887 1675 974 1704 vobis

276 1728 436 1757 exponam.
456 1717 527 1758 (γ’.)
544 1719 642 1754 Quum
656 1718 791 1756 Triginta
802 1721 974 1756 regnarent,

275 1760 381 1790 Nicias
404 1763 441 1790 ab
461 1760 590 1791 inimicis
608 1771 623 1790 e
640 1760 750 1790 civium
777 1770 900 1789 numero
921 1759 974 1789 de-

275 1803 365 1838 letus,
385 1804 441 1833 tria
466 1805 579 1839 argenti
607 1804 716 1833 talenta
741 1803 884 1841 Enthyno
910 1802 974 1831 siue

276 1846 406 1875 testibus
421 1846 547 1876 tradidit
566 1846 772 1880 custodienda,
790 1851 818 1874 et
835 1855 886 1874 rus
906 1855 975 1883 pro-

276 1888 375 1918 fectus
386 1895 444 1919 est.
489 1889 557 1918 Non
573 1890 614 1918 ita
629 1888 723 1917 multo
736 1893 801 1926 post
816 1888 974 1926 Euthynus

277 1931 397 1970 quidem
420 1933 480 1961 duo
499 1932 609 1961 talenta
624 1930 768 1965 reddidit,
784 1931 836 1960 sed
854 1930 973 1959 tertium

276 1973 436 2003 inficiatur.
497 1973 600 2003 Nicias
636 1974 823 2011 temporibus
852 1978 975 2002 coactus

277 2026 340 2046 rem
358 2022 428 2046 tunc
449 2016 572 2046 silentio
589 2016 746 2056 praeteriit.
769 2014 819 2056 (δ’.
824 2015 838 2055 )
861 2015 974 2044 Verum

279 2069 368 2098 quum
385 2069 440 2089 nec
452 2054 609 2098 quisquam
627 2059 747 2096 negotio
763 2059 831 2087 huic
845 2058 975 2087 adfuerit

279 2102 378 2137 testis,
403 2103 587 2139 argumentis
612 2107 643 2131 et
665 2101 848 2139 conjecturis
872 2111 974 2129 verum

279 2144 390 2174 elicere
407 2155 460 2174 vos
475 2155 562 2174 neces
565 2155 598 2174 se
613 2149 669 2173 est.
694 2143 761 2185 (ε’.)
791 2143 896 2173 Nicias
912 2143 974 2172 Eu-

279 2187 372 2225 thyno
389 2192 421 2216 ut
437 2188 572 2226 locuples
591 2187 697 2225 magis,
720 2186 765 2215 sic
780 2186 903 2215 dicendi
922 2185 975 2215 rni-

280 2240 335 2259 nns
352 2230 467 2268 peritus
484 2235 540 2259 est.
585 2230 675 2259 'rates
687 2234 784 2259 autem
799 2229 898 2258 solent
913 2228 975 2267 peti

280 2272 439 2302 calumniis
461 2274 497 2301 ab
521 2272 744 2311 eloquentibus,
759 2272 811 2302 sed
836 2270 976 2310 pauperi-

280 2316 337 2344 bus
353 2315 536 2345 hominibus.
559 2314 633 2356 (ς’.)
658 2315 788 2349 Deinde,
803 2315 853 2353 qui
871 2318 980 2352 negant

281 2358 463 2396 depositum,
480 2359 591 2387 liabent
610 2358 654 2396 id,
675 2361 801 2396 propter
826 2356 906 2395 quod
927 2358 979 2395 jus

282 2401 412 2435 violant;
441 2400 491 2439 qui
513 2411 586 2430 vero
611 2405 760 2439 repetunt,
779 2400 926 2434 nesciunt,
944 2409 979 2428 an

284 2444 436 2481 accepturi
454 2443 523 2472 sint.
570 2442 779 2472 Verosimilius
805 2442 897 2481 igitur
921 2446 979 2477 est,

285 2486 456 2524 Euthynum
477 2496 597 2524 negare,
617 2486 697 2524 quod
714 2485 876 2523 acceperit,
893 2494 979 2523 qnam

285 2527 405 2557 Niciam
420 2529 583 2566 postulare,
597 2528 674 2567 quod
692 2538 748 2557 non
765 2527 893 2557 dederit.
914 2527 982 2567 (ζ’.)

287 2571 439 2600 Praeterea
463 2571 586 2600 sublatis
602 2573 630 2601 in
652 2571 725 2600 urbe
745 2570 882 2609 judiciis,
896 2569 979 2599 illurn

287 2613 489 2642 verosimilius
507 2619 551 2642 est
568 2614 722 2643 fraudasse
744 2613 873 2648 Niciam,
894 2623 979 2650 quam

288 2656 367 2685 buno
391 2655 500 2693 injuste
530 2657 691 2695 quidquam
715 2656 883 2695 repetiisse.
914 2654 982 2695 (η’.)

289 2698 361 2727 Huc
374 2698 502 2730 accedit.
525 2700 605 2737 quod
621 2700 778 2737 Euthynus
795 2699 909 2727 amicus
927 2698 982 2727 fuit

290 2740 398 2775 Niciae,
414 2750 467 2770 nec
483 2741 582 2775 dives,
597 2752 651 2771 uec
666 2741 831 2771 destitutus
849 2751 981 2779 prorsus,

289 2793 345 2813 nec
359 2784 448 2813 rebus
464 2784 602 2823 gerendis
614 2784 742 2821 ineptus.
756 2781 832 2823 (θ’.)
857 2784 922 2812 Nec
939 2784 982 2812 in-

284 2827 395 2864 juriam
424 2831 505 2855 certe
531 2826 654 2855 fecisset
684 2827 843 2864 Euthynus
872 2826 981 2861 Niciae,

289 2869 345 2898 nisi
357 2869 546 2904 necessitate,
559 2879 647 2907 quum
662 2869 738 2897 alius
751 2869 882 2902 deesset,
895 2879 982 2907 quem

290 2912 427 2941 fraudare
440 2916 686 2950 posset.coactus
699 2911 814 2940 fuisset.
838 2910 899 2949 (ι’.)
917 2912 982 2941 Ma-

291 2954 402 2984 ximum
422 2959 518 2984 antem
534 2958 740 2992 argumentum
757 2958 814 2988 est,
835 2954 912 2991 quod
930 2964 981 2992 pe-

290 2996 357 3027 titio
374 3008 409 3028 eo
430 3005 562 3036 tempore
579 2997 654 3026 factu
671 3000 727 3030 est,
744 3006 803 3034 quo
821 2996 982 3031 oligarchia

1008 1461 1173 1491 constituta
1188 1468 1263 1496 erat,
1277 1461 1307 1490 in
1329 1470 1387 1498 qua
1402 1469 1517 1498 pauper
1528 1459 1565 1489 ad
1584 1458 1707 1498 injurias

1008 1504 1098 1533 diviti
1124 1503 1278 1533 faciendas
1303 1503 1495 1532 incitabatur.
1546 1502 1603 1532 Illo
1627 1503 1711 1532 enim

1008 1551 1144 1586 tempore
1172 1546 1290 1585 gravius
1316 1546 1458 1575 delictum
1485 1545 1553 1579 fuit,
1578 1545 1706 1574 divitem

1008 1599 1090 1628 esse,
1114 1599 1199 1628 quam
1221 1589 1401 1627 improbum.
1448 1588 1532 1625 Ergo
1548 1587 1706 1626 Euthynus

1007 1632 1108 1670 potuit
1134 1641 1180 1668 ea,
1202 1642 1268 1670 quae
1293 1635 1462 1669 acceperat,
1483 1630 1634 1666 sraudare,
1650 1630 1706 1660 Ni-

1008 1674 1071 1703 cias
1096 1685 1168 1703 vero
1196 1684 1254 1703 non
1282 1674 1380 1712 potuit
1408 1672 1592 1702 calumniari.
1643 1672 1707 1709 Qui

1008 1717 1085 1746 enim
1110 1727 1163 1746 sua
1186 1716 1264 1746 tueri
1282 1727 1338 1745 non
1354 1720 1466 1754 potest,
1482 1715 1510 1744 is
1526 1725 1581 1744 non
1598 1714 1705 1744 insidi-

1009 1759 1106 1788 abitur
1116 1759 1230 1789 alienis.
1255 1757 1339 1799 (ια’.)
1362 1759 1421 1788 Sed
1434 1757 1526 1796 objici
1540 1762 1570 1787 et
1581 1757 1707 1787 fortasse

1009 1803 1181 1840 Euthynus,
1203 1812 1248 1836 se,
1266 1802 1292 1830 si
1313 1802 1411 1831 facere
1433 1800 1570 1839 injuriam
1593 1800 1706 1830 cousti-

1008 1844 1128 1879 tuisset,
1144 1846 1219 1874 duas
1235 1854 1356 1883 quoque
1372 1844 1480 1873 alteras
1491 1843 1622 1881 depositi
1637 1853 1706 1882 par-

1009 1893 1055 1916 tes
1080 1892 1264 1916 retenturum
1294 1886 1398 1916 fuisse.
1424 1885 1506 1927 (tss'.)
1540 1886 1606 1923 Ego
1634 1895 1707 1915 vero

1008 1940 1064 1958 vos
1081 1930 1158 1959 scire
1175 1930 1313 1964 arbitror,
1328 1939 1430 1958 omnes
1446 1928 1579 1957 homines
1593 1927 1618 1956 si
1634 1928 1707 1968 quid

1010 1972 1113 2010 injusti
1138 1973 1308 2006 moliantur,
1324 1971 1414 2000 etiam
1438 1970 1642 2000 defensionem
1666 1970 1707 1999 si-

1008 2016 1070 2043 mul
1104 2015 1256 2044 meditari.
1315 2015 1475 2052 Euthynus
1510 2013 1603 2051 igitur
1633 2013 1708 2043 duas

1009 2062 1109 2096 partes
1124 2057 1272 2092 reddidit,
1295 2061 1329 2085 ut
1343 2057 1425 2085 illam
1442 2055 1641 2094 objectionem
1665 2055 1708 2084 fa-

1009 2110 1078 2129 cere
1091 2105 1206 2138 posset,
1221 2100 1311 2128 sicuti
1324 2099 1410 2128 multi
1420 2100 1482 2137 jam
1495 2105 1563 2128 ante
1575 2097 1660 2127 illum
1672 2098 1706 2128 in

1009 2143 1136 2171 modicis
1153 2142 1281 2181 negotiis
1297 2142 1432 2170 fraudem
1449 2141 1664 2179 adhibuerunt,
1678 2141 1709 2170 in

1010 2185 1126 2223 magnis
1137 2185 1286 2223 justitiam
1307 2185 1475 2213 coluerunt.
1498 2181 1580 2224 (ιγ’.)
1603 2183 1710 2213 Consi-

1011 2229 1113 2257 derate
1129 2237 1231 2265 porro,
1247 2227 1351 2256 eadem
1369 2226 1457 2255 facile
1473 2235 1564 2264 posse
1580 2235 1635 2263 pro
1654 2225 1709 2254 Ni-

1012 2270 1060 2299 cia
1083 2270 1157 2299 dici.
1201 2270 1232 2299 Si
1255 2270 1281 2299 ei
1297 2269 1415 2298 libitum
1441 2269 1508 2303 suit,
1523 2267 1710 2303 calumniari,

1012 2324 1069 2342 non
1096 2313 1254 2342 confessus
1280 2316 1372 2346 esset,
1394 2311 1470 2340 duas
1497 2315 1601 2350 partes
1626 2320 1711 2340 rece-

1012 2356 1108 2395 pisse,
1124 2355 1176 2384 sed
1202 2359 1293 2384 totam
1316 2364 1459 2383 summam
1482 2353 1637 2392 recepisse
1659 2363 1711 2382 ne-

1013 2402 1109 2436 garet.
1131 2396 1209 2437 (13¹.)
1235 2398 1389 2426 Praeterea
1403 2406 1506 2426 omnes
1521 2395 1620 2426 Niciae
1639 2405 1710 2433 cog-

1013 2441 1073 2470 nati
1090 2450 1124 2469 ac
1139 2440 1304 2469 familiares
1320 2440 1469 2473 sciebant,
1484 2449 1551 2468 eurn
1563 2437 1710 2477 quidquid

1014 2483 1129 2521 argenti
1147 2483 1296 2518 habuerit,
1311 2483 1389 2521 apud
1410 2481 1501 2511 istum
1518 2480 1708 2520 deposuisse.

1015 2526 1172 2565 Eutliynus
1198 2526 1290 2563 igitur
1310 2530 1425 2565 partem
1450 2524 1570 2563 quidem
1594 2524 1710 2553 subtra-

1014 2569 1085 2598 here
1100 2569 1208 2607 potuit,
1225 2578 1314 2607 quum
1333 2577 1419 2597 nemo
1441 2567 1545 2602 sciret,
1568 2570 1710 2605 quantum

1014 2611 1216 2650 deposuisset,
1258 2620 1443 2649 nequaquam
1488 2619 1560 2639 vero
1605 2612 1712 2637 totum.

1017 2655 1127 2684 LANG.
1173 2654 1205 2682 Si
1226 2663 1315 2683 causa
1330 2663 1401 2682 vere
1420 2652 1502 2681 dicta
1517 2656 1573 2684 est,
1591 2660 1644 2680 nec
1662 2660 1710 2679 res

1016 2702 1046 2725 et
1069 2706 1206 2735 personae
1233 2696 1399 2735 suppositae
1427 2699 1507 2729 sunt,
1531 2693 1594 2722 haec
1616 2693 1712 2722 oratio

1017 2739 1103 2768 valde
1113 2739 1268 2777 ingeniosa
1282 2743 1311 2767 et
1323 2743 1424 2772 acuta,
1434 2741 1476 2770 el,
1488 2736 1512 2766 si
1524 2735 1712 2765 Philostrato

1016 2781 1158 2816 creditur,
1190 2782 1266 2811 inter
1303 2781 1471 2810 Isocrateas
1504 2789 1544 2808 ex
1580 2777 1713 2817 optimis,

1016 2824 1128 2862 scripta
1157 2834 1225 2854 esse
1251 2823 1358 2853 debuit
1385 2821 1475 2851 circa.
1501 2830 1609 2849 anunm
1639 2822 1714 2850 402.

1016 2873 1083 2896 ante
1093 2867 1257 2902 Christum,
1270 2871 1299 2895 et
1311 2863 1457 2895 Isocratis
1469 2863 1567 2892 aetatis
1579 2864 1631 2893 3⁰2.
1650 2865 1715 2893 Αυ-

1017 2919 1096 2939 cen.

1061 2948 1327 2990 ΑΜΑΡΤΎΡΟΣ]“
1330 2955 1384 2978 Οτι
1410 2950 1452 2986 μὴ
1478 2958 1551 2987 ‘tra-gr,
1539 2949 1606 2977 Ἶσαν
1623 2958 1715 2986 παρα.-

1016 2993 1237 3033 κατατιθεμένῳ
1260 2993 1397 3032 μάρτυξες
1420 3002 1460 3019 τω
1480 2989 1570 3029 Ninia,
1593 2988 1663 3020 ὥστ’
1686 2988 1717 3028 ἐξ

1722 943 1801 981 l'ag.

1722 986 1770 1015 ed.
1890 1005 1892 1008 ψ

1643 1054 1707 1107 lov
1721 1025 1880 1107 {obtem
