1914 3314
549 208 739 250 ΠΡΟΣ
793 208 1187 251 ΦΙΛΙΠΠΟΝ.

1484 200 1585 249 251

157 318 481 385 δειχθήσεσθαι
524 322 782 389 μέλλοντος,
823 319 957 373 eima*
1001 321 1080 371 τοῦ
1126 318 1231 386 περὶ
1275 317 1590 387 Ἀμφιπόλεως

154 394 409 460 ’γραφέν-τος.
437 394 540 461 περὶ
569 394 616 446 οῧ
637 394 781 468 μικροὶ
807 395 1020 464 Cedamus
1048 403 1283 468 προειπεῖν,
1312 390 1383 443 ἵνα
1412 390 1589 453 δηλώσω

155 533 213 553 uno
224 522 354 562 positam
366 524 487 553 habent.
503 522 574 565 (uss‘.
578 523 593 565 )
604 525 718 554 Nostra
728 523 858 563 denique

153 565 262 595 civitas
278 575 383 605 pacem
399 571 468 596 ante
477 572 602 596 caeteras
612 567 685 597 fecit
694 567 809 605 tibique
827 567 856 596 in

153 608 376 647 omnibus,quae
389 619 405 638 a
417 614 446 639 te
459 609 675 649 suscipientur,
685 610 856 648 adjumento

153 651 220 680 erit.
243 650 333 692 (κγ’.)
354 651 469 682 Fae-ilia
480 661 545 682 esse.
574 653 615 682 At
626 662 698 681 vero
714 652 855 682 facillime

154 694 244 723 etiam
268 693 373 732 perfici
397 705 499 734 posse,
515 705 583 734 quae
603 695 730 731 suadeo,
745 705 781 725 ea
801 706 854 725 ex-

154 736 254 775 empla
272 737 433 774 docebunt,
449 738 498 766 ubi
521 737 688 767 difficiliora
707 738 796 767 etiam
818 748 854 767 ac

153 780 304 808 deteriora
317 780 455 810 confecta
467 780 615 809 videmus.
661 779 747 820 (κδ’.)
769 780 853 810 Α101-

152 821 269 857 biades,
292 832 382 860 quum
407 833 424 851 a
447 822 534 851 nobis
559 822 637 852 ultro
662 823 799 858 abiisset,
821 827 853 852 et

153 868 235 893 tauta
255 864 380 893 vulnera
399 863 563 893 inflixisset
582 874 639 893 non
665 864 761 893 solum
784 865 851 894 urbi

152 910 272 940 nostrae,
290 907 342 934 sed
366 906 606 935 Lacedaemoniis
626 906 741 944 totique
761 908 849 935 etiam

152 947 294 983 Graeciae,
310 948 340 976 in
364 947 489 986 patriam
513 957 569 986 per
588 947 647 976 vim
671 948 763 977 rediit
780 953 811 977 et
833 959 850 978 a

151 989 272 1019 civibus
292 989 593 1019 honorificentissime
617 997 764 1028 exceptus
790 997 848 1020 051.

149 1030 231 1071 (κε’.)
251 1033 330 1061 Item
345 1032 459 1067 Conon,
469 1033 532 1071 qui,
545 1037 671 1071 accepta
685 1034 723 1063 ad
737 1032 849 1071 AEgos-

148 1079 291 1112 potamon
306 1074 403 1110 clade,
419 1075 449 1103 in
465 1077 599 1113 Cyprum
615 1075 773 1113 aufugerat
791 1075 849 1105 ibi-

149 1127 208 1155 que
230 1118 367 1155 privatus
388 1118 528 1156 degebat,
544 1117 644 1146 classe
661 1119 699 1146 ad
719 1118 847 1147 Cnidum

147 1160 278 1188 collecta
297 1159 546 1189 Lacedaemonios
566 1160 723 1198 superavit
743 1170 777 1189 ac
795 1170 848 1198 pa-

148 1202 213 1230 triae
225 1202 453 1241 suaeimperium
465 1202 591 1231 Graeciae
600 1212 659 1231 una
668 1212 734 1231 cum
748 1202 848 1240 prisco

147 1245 257 1274 decore
271 1244 414 1274 restituit.
438 1243 507 1282 (κζ’.
512 1243 527 1284 )
546 1244 724 1283 Dionysius,
740 1255 815 1274 unus
832 1256 848 1274 e

147 1287 250 1317 multis
263 1288 530 1325 Syracusanorum,
544 1291 574 1316 et
588 1297 698 1325 genere
710 1291 739 1317 et
752 1288 849 1326 gloria

148 1334 180 1359 et
193 1330 432 1369 caeterisoebus,
447 1331 613 1369 Syracusas
635 1329 800 1368 occupavit
819 1335 850 1360 et

147 1372 306 1402 universas
317 1372 431 1401 Siciliae
441 1374 543 1408 urbes,
553 1382 619 1411 (111εο
630 1373 750 1411 quidem
763 1374 847 1402 Grae·

149 1424 192 1443 cae
215 1420 325 1449 essent,
349 1415 444 1453 cepit,
465 1419 622 1453 tantasque
647 1414 762 1454 copias,
785 1420 847 1445 tum

147 1458 305 1496 pedestres
320 1462 381 1486 tum
397 1458 532 1493 navales,
543 1457 743 1495 comparavit,
756 1469 847 1496 quan-

148 1503 196 1529 tas
224 1509 312 1529 nemo
339 1505 406 1529 ante
434 1500 529 1529 illum.
572 1499 660 1539 (κζ’.)
697 1500 848 1531 Praeterea

149 1542 261 1580 Cyrus,
275 1552 292 1571 a
307 1547 401 1571 matre
422 1542 452 1571 in
473 1542 552 1572 viam
574 1543 723 1580 abjectus,
738 1553 756 1571 a
774 1544 844 1573 Per—

150 1583 214 1614 sica
226 1594 298 1615 vero
310 1584 439 1614 muliere
455 1585 591 1614 sublatus
606 1589 636 1614 et
650 1586 790 1621 nutritus,
802 1589 848 1615 to-

148 1627 210 1656 tius
233 1627 317 1657 Asiae
345 1627 499 1657 dominatu
522 1627 638 1667 potitus
663 1631 720 1656 est.
764 1627 849 1668 (κη’.)

149 1670 248 1708 Quum
258 1670 352 1709 igitur
367 1670 396 1699 111
409 1674 507 1699 tantas
521 1680 570 1700 res
583 1670 741 1708 gesserint,
753 1681 849 1701 nonne

148 1717 190 1747 te,
210 1723 276 1751 quae
303 1711 358 1741 tibi
381 1713 506 1747 suadeo,
528 1713 617 1742 facile
643 1714 848 1752 perfecturum

147 1753 347 1784 crediderim?
385 1753 469 1794 (ne'.)
490 1756 638 1784 Caeterum
659 1755 732 1785 talia
754 1756 849 1785 susci-

147 1796 244 1836 pienti
254 1807 309 1827 nec
317 1797 417 1835 gloria
428 1798 599 1836 splendida,
609 1808 664 1827 nec
673 1799 847 1828 Graecorum

148 1840 368 1874 benevolentia,
381 1850 437 1869 nec
448 1840 572 1879 propria
584 1840 713 1870 felicitas
727 1840 783 1869 tibi
795 1841 848 1870 de-

147 1883 215 1913 erit.
239 1880 492 1932 (λ.’)Ν11110.1]1110
507 1884 653 1913 hactenus
664 1884 849 1913 verecundia

146 1925 316 1954 retardatus
339 1925 440 1960 omisi,
460 1926 554 1956 libere
579 1926 712 1965 eloquar.
756 1925 849 1967 (λα’.)

147 1968 290 1997 Oratores
304 1967 410 2003 nostri,
418 1968 462 1998 tui
474 1979 560 2007 aeque
572 1979 608 1998 ac
623 1969 706 2007 pacis
720 1968 847 2004 inimici,

147 2019 290 2048 spargere
311 2011 444 2046 student,
460 2016 491 2040 et
506 2011 576 2040 olim
593 2016 623 2040 te
638 2011 783 2040 Graecis
775 2011 847 2040 insi-

146 2052 259 2082 diatum
276 2062 346 2082 esse
363 2057 393 2082 et
408 2063 488 2083 nunc
502 2053 576 2083 nibil
592 2064 695 2092 agere,
709 2064 796 2092 quam
814 2059 847 2084 ut

145 2104 262 2124 ornnem
277 2095 436 2131 Graeciam,
453 2095 543 2126 victis
557 2096 800 2135 Peloponnesiis,
814 2096 845 2127 iu

146 2141 225 2167 tuam
242 2141 420 2176 potestatem
437 2138 569 2177 redigas.
614 2137 708 2179 (λβ’.)
731 2139 846 2169 Cuica-

144 2179 278 2216 lumniae,
288 2180 345 2210 etsi
357 2180 456 2219 quivis
466 2181 630 2211 amicorum
642 2186 761 2211 tuorum
773 2192 844 2211 0011-

145 2222 277 2258 tradicit,
291 2227 389 2252 tamen
409 2223 461 2252 abs
481 2228 511 2253 te
530 2224 611 2253 haud
634 2224 843 2263 negligendam

144 2275 214 2295 esse
227 2265 368 2301 arbitror,
380 2276 435 2295 nec
450 2266 710 2303 committendum,
726 2271 759 2297 ut
773 2267 843 2298 talis

143 2308 182 2337 de
210 2312 240 2337 te
267 2309 344 2338 fama
373 2308 554 2339 suboriatur.
603 2308 695 2349 (λγ’.)
721 2310 843 2340 Statuas

142 2350 233 2380 modo
242 2351 369 2380 eundem
377 2355 408 2380 te
416 2353 552 2390 praebere
559 2361 631 2390 erga
638 2362 752 2388 omnes,
760 2353 842 2382 aliis-

143 2402 201 2431 que
221 2392 396 2422 civitatibus
410 2394 487 2423 bene
507 2395 574 2424 aliis
597 2395 674 2423 male
695 2396 774 2426 velle
787 2395 842 2426 de-

142 2435 234 2471 sinas,
247 2441 338 2474 atque
354 2436 478 2476 insuper
493 2447 529 2467 ea
543 2437 702 2476 suspicias,
715 2445 842 2477 propter

141 2488 208 2516 quae
226 2479 400 2508 Graecorum
422 2479 511 2509 fidem
534 2479 591 2509 tibi
613 2480 792 2510 conciliabis
811 2486 842 2511 et

141 2521 277 2550 barbaris
302 2526 446 2551 terrorem
471 2522 614 2552 incuties.
659 2521 749 2561 (13¹.)
773 2524 840 2562 Ego

142 2573 224 2598 vero,
240 2574 406 2602 quanquam
424 2574 522 2603 neque
543 2565 607 2595 dux
626 2575 723 2604 neque
741 2571 841 2596 orator

141 2611 191 2635 aut
205 2606 319 2645 alioqui
334 2613 444 2646 potens
457 2607 526 2643 sim,
543 2612 640 2638 tamen
655 2609 731 2638 110110
747 2609 841 2639 senti-

141 2647 210 2677 endi
233 2653 266 2679 et
289 2650 492 2689 cognoscendi
519 2651 547 2680 in
571 2651 792 2681 contentionem
813 2652 839 2681 si

141 2690 384 2722 descendendum
399 2698 457 2728 est,
473 2693 502 2722 in
518 2692 623 2732 primis
640 2704 687 2723 1110
702 2704 839 2724 numera-

141 2733 245 2769 verim,
269 2740 359 2774 atque
387 2745 448 2773 quo
479 2737 544 2765 solo
567 2746 686 2775 quoque
714 2747 838 2775 possum

141 2776 242 2812 modo,
256 2778 414 2807 consilium
431 2778 503 2808 dare
522 2789 616 2809 conor
636 2785 696 2808 tum
721 2780 836 2817 patriae,

142 2821 203 2846 tum
219 2820 344 2859 reliquis
355 2821 472 2851 Graecis
487 2826 518 2851 et
530 2821 699 2852 illustribus
713 2823 838 2860 quibus-

142 2869 200 2897 qne
211 2860 295 2892 viris.
341 2863 398 2901 (λε’
402 2863 428 2903 )
450 2864 482 2893 Si
494 2875 559 2903 quae
573 2864 690 2895 fortem
704 2865 759 2894 bac
771 2876 837 2895 ora-

143 2901 224 2931 tione
238 2904 387 2935 omiserim
403 2911 523 2937 autnon
539 2908 645 2937 00110111
662 2908 762 2942 1110110,
777 2918 837 2947 quo

144 2943 173 2972 in
187 2944 372 2993 Panegyrico
388 2949 498 2980 factum
514 2955 572 2986 cst,
588 2950 691 2980 dicere
709 2951 836 2986 valeam,

144 2986 292 3024 equidem,
308 3000 398 3028 quum
414 3002 510 3031 neque
530 3004 605 3023 nova
621 2993 768 3030 invenire,
785 3005 833 3023 ne-

893 535 950 563 que
967 524 1071 554 eadem
1088 528 1229 562 repetere
1244 522 1371 561 possim,
1384 532 1401 552 a
1413 526 1455 557 te,
1466 521 1516 560 qui
1541 531 1591 551 res

891 577 949 596 non
976 568 1068 596 verba
1087 576 1185 602 curas,
1201 565 1316 595 veniam
1341 565 1430 593 facile
1448 564 1590 602 impetra-

891 615 987 639 turum
1000 620 1067 639 esse
1079 610 1208 638 confido.
1255 606 1328 648 (λς’.
1332 607 1347 647 )
1370 607 1592 636 Pmsorationis

885 654 1035 691 posterior.
1081 651 1166 682 Nihil
1181 654 1283 680 contra
1299 650 1440 679 barbaros
1460 649 1590 688 suscipi·

889 695 998 724 endum
1020 705 1088 725 esse
1110 693 1206 733 prius,
1226 703 1315 732 quam
1337 692 1435 722 Graeci
1457 697 1509 721 aut
1531 702 1589 721 una

887 737 1044 767 militando
1072 743 1123 766 aut
1149 737 1254 766 saltem
1280 736 1420 770 favendo,
1443 735 1588 774 incoeptis

887 780 1084 819 opitulentur,
1100 779 1237 818 Agesilai
1254 778 1341 808 irrita
1355 778 1514 817 expeditio
1533 788 1587 807 ex-

887 823 986 860 emplo
997 833 1065 851 esse
1076 826 1186 860 potest.
1204 820 1294 861 (λζ’.)
1309 821 1350 850 Ut
1361 821 1455 857 igitur
1464 820 1587 854 bellum,

885 865 1002 893 Graecis
1017 864 1077 893 sibi
1091 863 1306 898 reconciliatis,
1320 862 1350 891 in
1367 863 1474 892 Asiam
1492 867 1587 891 trans-

884 906 974 941 feras,
988 916 1045 945 ego
1059 916 1117 934 11011
1134 910 1194 934 tam
1210 915 1313 934 eorum
1328 910 1359 934 te
1374 905 1518 934 excitabo
1533 913 1588 933 ex-

884 949 1004 986 emptis,
1020 948 1070 986 qui
1093 958 1155 977 rem
1172 948 1216 976 ibi
1240 948 1328 982 bene,
1344 948 1396 976 sed
1417 947 1495 975 male
1517 956 1586 984 ges—

883 990 959 1020 sisse
971 990 1193 1025 existimantur,
1203 999 1256 1019 eos
1267 989 1350 1024 dico,
1360 989 1410 1027 qui
1425 998 1492 1018 cum
1502 988 1586 1027 Cyro

884 1037 914 1062 et
936 1033 1082 1062 Clearcho
1102 1033 1279 1066 militarunt,
1301 1042 1376 1070 quos
1400 1041 1454 1060 rex
1476 1031 1584 1060 Persa-

882 1085 958 1111 rum,
966 1086 1057 1114 quum
1065 1075 1207 1105 facillime
1217 1075 1255 1104 ab
1266 1075 1304 1103 iis
1315 1078 1477 1113 superatus
1489 1077 1584 1108 esset,

882 1121 1038 1156 tantopere
1053 1117 1162 1153 timuit,
1178 1122 1213 1146 ut
1228 1118 1321 1147 duces
1338 1126 1440 1146 eorum
1464 1126 1516 1155 per
1536 1116 1583 1145 in-

883 1159 977 1189 sidias
994 1170 1101 1189 necare
1116 1161 1229 1195 mallet,
1241 1170 1328 1198 quam
1343 1169 1411 1189 cum
1421 1158 1581 1194 militibus,

883 1203 963 1241 Cyro
983 1204 1062 1232 duce
1083 1203 1221 1241 privatis,
1236 1203 1335 1241 palam
1352 1202 1510 1231 decertare
1530 1210 1583 1230 au-

881 1246 978 1274 deret.
1020 1244 1108 1285 (λη’.)
1131 1245 1161 1274 Si
1178 1245 1274 1283 igitur
1294 1244 1370 1284 Cyri
1389 1254 1507 1279 manus,
1522 1241 1582 1273 nisi

881 1298 962 1318 mors
977 1288 1064 1317 ducis
1077 1288 1304 1322 intervenisset,
1314 1292 1408 1317 totum
1421 1287 1583 1316 Persicum

882 1341 1004 1370 regnum
1021 1332 1182 1360 subactura
1197 1330 1316 1365 fuisset,
1333 1333 1365 1359 tu
1383 1334 1482 1359 autem
1500 1340 1517 1358 a
1535 1329 1582 1358 ni-

881 1374 942 1402 mio
958 1373 1157 1412 persequendi
1173 1373 1285 1408 studio,
1299 1382 1360 1411 quo
1381 1372 1433 1401 ille
1455 1371 1583 1407 interiit,

881 1416 969 1445 facile
999 1426 1107 1446 cavere
1137 1422 1167 1445 et
1193 1415 1335 1445 meliores
1361 1415 1451 1444 etiam
1478 1414 1583 1451 copias

881 1468 1055 1497 comparare
1071 1459 1182 1498 possis,
1195 1468 1262 1497 quae
1274 1458 1394 1487 tandem
1411 1456 1583 1486 adhortatio

881 1501 1016 1539 pulcrior
1034 1511 1103 1530 esse
1124 1501 1223 1540 possit
1244 1506 1274 1530 et
1293 1499 1442 1530 efficacior
1456 1499 1513 1529 1100
1528 1509 1582 1528 ex-

881 1543 1003 1582 emplo?
1032 1542 1122 1583 (26¹.)
1147 1543 1247 1580 Quum
1264 1543 1321 1572 hoc
1336 1543 1404 1571 loco
1419 1551 1469 1571 res
1481 1542 1582 1580 potius

881 1596 967 1624 quam
981 1586 1071 1615 verba
1082 1586 1212 1621 valeant,
1225 1584 1583 1624 nihil,credo‚attinebit,

882 1628 909 1657 si
919 1629 1054 1666 quaedam
1062 1639 1100 1658 ex
1109 1628 1294 1667 Panegyrico
1302 1627 1584 1663 huctranstulerim,

882 1671 1050 1709 praesertim
1059 1681 1149 1709 quum
1160 1681 1228 1700 mea
1243 1670 1313 1705 sint,
1323 1680 1390 1708 quae
1400 1675 1517 1708 repeto,
1527 1680 1584 1699 1100

882 1713 933 1742 alii
946 1714 1021 1743 meis
1038 1714 1082 1743 uti
1098 1713 1244 1743 dubitent.
1288 1710 1370 1752 (μ’.)
1394 1713 1485 1742 Nunc
1501 1712 1585 1747 audi,

882 1756 991 1794 quibus
1014 1757 1104 1786 rebus
1119 1757 1230 1796 Cyrum
1252 1754 1401 1784 minorem
1426 1758 1457 1783 et
1478 1755 1584 1784 Clear-

882 1799 970 1828 chum
992 1799 1080 1838 louge
1101 1808 1239 1838 superas,
1255 1798 1431 1827 Graecorum
1455 1796 1485 1825 in
1509 1796 1585 1826 Asia

879 1851 951 1880 erga
967 1847 996 1871 te
1007 1840 1236 1876 benevolentia,
1247 1840 1362 1870 milites
1373 1839 1583 1869 conscribendi

881 1884 937 1914 hoc
952 1888 1087 1924 tempore
1102 1884 1256 1919 facilitate,
1272 1882 1344 1912 artis
1360 1882 1490 1920 denique
1505 1881 1584 1911 mili-

880 1926 955 1956 taris
979 1926 1098 1966 peritia.
1143 1925 1244 1968 (paul.)
1274 1925 1396 1956 Deinde
1419 1925 1446 1954 si
1468 1935 1582 1963 regem,

879 1979 1008 2008 quocum
1026 1969 1079 1999 tibi
1096 1970 1273 1998 certandum
1290 1969 1359 2003 erit,
1373 1977 1582 2006 comparamus

879 2022 946 2041 curn
966 2012 1031 2047 illo,
1045 2012 1094 2041 cui
1115 2013 1214 2051 Cyrus
1235 2010 1346 2041 bellum
1367 2011 1478 2045 intulit,
1494 2010 1581 2040 illum

879 2055 1004 2084 Graecos
1020 2065 1223 2094 oppugnasse,
1237 2054 1315 2083 110110
1331 2063 1368 2082 110
1387 2053 1582 2083 devastantes

878 2097 998 2136 quidem
1012 2098 1163 2137 regionem
1177 2106 1260 2126 suam
1272 2105 1434 2135 superasse
1445 2095 1583 2125 invenie-

877 2150 955 2170 mus.
997 2140 1053 2170 Ille
1071 2140 1163 2170 totius
1177 2138 1263 2169 Asiae
1286 2138 1427 2168 dominus
1449 2138 1518 2173 suit,
1533 2137 1582 2167 hic

877 2192 914 2211 ne
929 2193 1030 2212 earum
1045 2183 1165 2222 quidem
1183 2181 1301 2212 urbium
1316 2182 1502 2215 Graecarum,
1513 2190 1582 2219 quae

876 2225 937 2274 ipsi
960 2225 1078 2255 tradita:
1102 2221 1329 2265 sunt-(513¹.)
1353 2223 1424 2260 Quo
1447 2224 1514 2252 loco
1533 2232 1582 2252 res

876 2269 941 2306 ejus
967 2269 1052 2298 sunt?
1077 2267 1243 2306 AEgyptus,
1261 2267 1394 2305 Cyprus,
1417 2264 1580 2301 Phoenicia,

876 2310 985 2340 Cilicia
1015 2310 1201 2348 finitimaque
1232 2309 1310 2343 loca,
1339 2309 1420 2338 unde
1451 2308 1580 2338 classem

876 2353 980 2383 Persae
995 2352 1144 2382 instruere
1160 2352 1311 2387 solebant,
1327 2351 1437 2391 partim
1458 2350 1578 2381 defece-

875 2400 955 2431 runt,
972 2396 1080 2435 partim
1098 2395 1177 2425 bello
1198 2405 1233 2424 ac
1255 2395 1346 2424 tantis
1366 2393 1455 2424 malis
1477 2393 1580 2423 confli-

875 2443 1005 2473 ctantur,
1022 2444 1054 2468 ut
1074 2437 1156 2468 nulla
1178 2437 1291 2468 utilitas
1309 2448 1348 2468 ex
1371 2437 1419 2466 his
1439 2437 1578 2476 gentibus

874 2481 910 2510 ad
934 2480 1017 2510 illum
1040 2481 1157 2511 redeat.
1201 2479 1303 2520 (uy'.)
1326 2480 1473 2514 Idrieum,
1490 2489 1578 2518 quem

872 2524 932 2553 istc
941 2523 1074 2562 pessime
1088 2523 1352 2561 tractat,aliosque
1364 2527 1512 2561 satrapas,
1523 2532 1577 2560 spe

874 2566 1022 2596 libertatis
1032 2572 1164 2600 ostensa,
1176 2565 1317 2595 facillime
1327 2565 1363 2595 ad
1374 2565 1576 2595 defectionem

873 2608 1042 2647 impuleris.
1087 2607 1188 2649 (548¹.)
1222 2609 1316 2638 Plura
1345 2608 1507 2647 adjicerem
1537 2608 1575 2636 de

873 2652 988 2681 ratione
1018 2661 1118 2691 regem
1147 2651 1308 2681 celerrime
1335 2650 1489 2686 vincendi,
1517 2649 1574 2679 nisi

872 2694 1057 2733 quorundam
1082 2694 1345 2733 reprehensionem
1372 2693 1521 2728 timerem,
1547 2691 1575 2721 si

872 2747 928 2776 ego
945 2737 1002 2767 tibi
1018 2738 1056 2767 de
1073 2737 1188 2767 ratione
1204 2736 1276 2767 belli
1289 2736 1447 2766 consilium
1460 2736 1571 2765 darem.

871 2779 964 2820 (με’.)
980 2779 1036 2810 Ad
1047 2780 1218 2819 exemplum
1232 2780 1289 2810 tibi
1300 2779 1437 2809 sufficere
1446 2778 1572 2808 arbitror

870 2823 1032 2862 Amyntam
1053 2828 1177 2863 patrem,
1192 2825 1339 2853 Caranum
1360 2821 1445 2860 regni
1469 2821 1572 2850 Mace-

869 2866 984 2902 donici,
1005 2870 1035 2897 et
1057 2866 1236 2901 Herculem,
1257 2864 1380 2904 generis
1405 2864 1498 2893 vestri
1519 2872 1571 2892 au·

870 2913 994 2943 ctorem,
1008 2919 1134 2958 quorum
1152 2909 1268 2947 primus
1283 2907 1422 2937 omnibus
1438 2906 1475 2935 iis
1495 2904 1571 2934 civi-

870 2951 982 2981 tatibus
999 2952 1114 2982 amicus
1130 2952 1197 2986 fuit,
1213 2952 1249 2981 ad
1266 2960 1389 2989 quarum
1408 2947 1569 2978 amicitiam

870 2998 898 3022 tc
915 2995 1028 3030 excito,
1046 2995 1207 3029 secundus,
1225 2993 1304 3023 ‹nnni
1321 2992 1444 3031 regione
1461 2989 1570 3020 Graeoa
