1924 3314
470 218 533 259 IN
568 214 920 258 ISOCRATEM
954 211 1284 255 DIATRIBAE.
1547 192 1595 249 17

161 334 416 383 γεγραμμένοι
434 331 484 369 ab
504 331 674 368 Isocrate
694 329 894 375 dicuntur)
905 333 1014 365 sonet
1030 327 1224 364 orationes
1241 324 1293 362 ad
1310 322 1600 362 ostentationem

159 397 401 442 comparatae,
414 397 481 429 aut
494 404 571 428 uno
586 390 703 428 verbo
717 389 993 428 ostentatoriae.
1026 388 1210 431 Quamvis
1221 391 1349 423 autem
1364 381 1602 421 ἐπιδεικτικὸν

159 454 266 499 γένος
279 458 424 490 tantum
438 458 476 490 et
488 451 774 502 ἐγκωμιαστικὸν
787 449 959 495 dixerim,
969 448 1049 485 scio
1065 454 1190 485 tamen
1204 460 1286 484 esse
1299 447 1364 495 qui
1378 441 1605 482 ἐπαινετικὸν

156 512 270 550 etiam
291 526 336 551 ac
353 514 604 565 πανηγυρικὸν
622 513 750 550 vocari
769 511 1003 548 existiment:
1035 508 1102 546 sed
1124 506 1464 545 1111111ἐπαινετικὸν
1483 501 1607 541 minus

159 585 274 623 quam
292 574 580 624 ἐγκωμιαστικὸν
597 580 655 612 est
676 572 920 623 significans.
949 576 987 607 at
1007 569 1101 607 illud
1129 567 1379 635 πανηγυρικὸν
1405 565 1453 603 311
1482 569 1610 601 certas

159 633 347 682 quasdam
369 635 560 673 orationes
587 633 841 684 restringitur,
861 633 957 670 tales
983 631 1106 681 qualis
1133 631 1250 680 hujus
1276 627 1394 678 ipsius
1422 624 1608 663 Isocratis

157 700 215 730 est
235 707 279 732 ea
296 708 384 744 quae
404 696 653 746 πανηγυρικὸς
670 697 787 743 λογός
807 695 1048 744 appellatur:
1078 692 1179 729 sicut
1198 696 1236 728 et
1251 689 1317 739 qui
1332 685 1607 733 παναθηναϊκὸς

157 753 311 799 dicitur,
332 755 406 792 hoc
426 755 518 805 poni
536 756 574 792 in
593 767 750 792 numero
769 761 909 803 potest.
967 752 1117 795 Quarta
1134 750 1266 789 classis
1286 749 1335 787 ab
1355 762 1402 786 eo
1421 741 1608 796 inscripta

157 811 249 851 suit:
267 814 317 850 Ἡ
331 819 433 864 τρίτη
447 815 636 864 συμμορία
649 815 824 857 δικανικὴ·
839 814 974 850 Latine
989 825 1064 849 uno
1079 812 1232 861 quidem
1248 811 1286 847 111
1299 810 1407 847 loco:
1441 809 1607 853 Quarta,

157 873 509 923 classisforensium
522 874 760 910 orationum:
781 878 819 910 at
834 873 871 909 in
885 873 1024 910 altero:
1049 873 1201 916 Quarta
1215 870 1348 908 classis
1351 869 1610 919 judiciorum.

159 933 349 982 Agnoscis
369 940 495 971 autem
511 933 716 982 utrobique
732 933 893 970 eandem
910 933 1010 969 illam
1027 933 1139 981 cujus
1154 937 1265 969 antea
1283 929 1515 967 mentionem
1535 928 1611 965 feei

159 993 446 1043 amphiboliam.
502 993 578 1031 Sed
599 992 947 1042 eumjudicialium
966 994 1183 1029 orationum
1203 991 1334 1041 potius
1359 1002 1477 1039 quam
1492 988 1610 1038 judi-

158 1055 303 1092 ciorum
323 1053 453 1091 dicere
471 1053 666 1100 debuisse,
685 1053 876 1090 existimo.
932 1054 1064 1103 Atque
1085 1054 1168 1090 haec
1190 1059 1276 1089 sunt
1305 1052 1353 1089 de
1382 1050 1524 1100 quibus
1554 1056 1608 1094 te,

160 1115 264 1164 quod
295 1116 433 1153 attinet
460 1115 507 1152 ad
530 1116 661 1152 harum
683 1115 899 1152 orationum
920 1115 957 1152 in
977 1120 1103 1152 certas
1123 1114 1264 1151 classes
1285 1111 1608 1156 distributionem,

161 1175 395 1213 monendum
411 1176 555 1226 putavi.
612 1177 671 1213 De
688 1175 881 1213 nonnullis
899 1171 1026 1213 autem
1044 1187 1132 1224 quae
1152 1173 1332 1223 privatim
1351 1172 1398 1210 ad
1420 1171 1608 1239 quasdam

160 1236 362 1274 orationes
373 1243 568 1287 spectant,
586 1249 607 1273 a
627 1249 685 1273 me
707 1236 743 1272 in
765 1236 1018 1286 sequentibus
1039 1234 1274 1272 moneberis.
1305 1233 1337 1270 si
1357 1240 1483 1271 tamen
1503 1232 1610 1282 prins

161 1296 210 1334 de
230 1303 388 1334 auctore
406 1297 589 1334 orationis
609 1297 656 1334 ad
680 1296 937 1334 Demonicum
957 1296 1072 1333 verba
1091 1295 1236 1333 fecero.

212 1358 285 1407 (2.)
315 1359 377 1395 Ad
403 1358 554 1396 Titulos
579 1358 751 1395 diversos
783 1359 894 1396 unius
918 1357 1174 1407 ejusdemque
1203 1356 1388 1393 orationis
1419 1367 1522 1392 nunc
1549 1367 1613 1391 ve-

161 1419 282 1466 niens,
313 1433 334 1457 a
360 1420 552 1457 Paraenesi
584 1419 633 1457 ad
659 1419 915 1457 Demonicum
951 1418 1101 1456 initium
1133 1430 1277 1455 sumam
1312 1418 1447 1466 (quam
1481 1421 1610 1452 tamen

161 1481 375 1519 vocandam
404 1481 604 1530 epistolam
632 1481 762 1531 potius
791 1493 906 1530 quam
934 1480 1147 1517 orationem
1173 1478 1265 1516 mihi
1284 1477 1404 1515 videri
1429 1475 1526 1524 dixi)
1545 1474 1613 1512 sed

163 1543 217 1580 ita
232 1548 274 1580 ut
293 1542 342 1580 ad
362 1555 407 1579 ea
429 1554 517 1591 quae
536 1541 710 1580 Diatribe
730 1542 850 1590 prima
870 1541 919 1578 de
938 1541 1021 1578 aliis
1042 1540 1198 1578 duobus
1217 1538 1300 1588 ejus
1321 1537 1444 1576 titulis
1463 1535 1612 1586 scripsi,

165 1604 348 1642 lectorem
375 1603 579 1641 remittam.
636 1603 820 1640 Secundo
845 1602 1034 1652 opusculo
1062 1608 1152 1652 post
1182 1601 1265 1638 haec
1301 1599 1437 1637 verba:
1468 1597 1616 1636 ΠΡΟΣ

161 1665 470 1704 ΝΙΚΟΚΛΕΑ·
493 1665 530 1702 111
550 1664 784 1714 quibusdam
816 1665 982 1714 exempl.
1013 1664 1285 1713 subjungitur:
1315 1664 1395 1714 περὶ
1420 1666 1483 1699 τοῦ
1502 1659 1617 1708 βασι-

162 1728 295 1765 λεύειν·
313 1728 351 1764 111
367 1726 473 1764 aliis:
504 1727 584 1775 περὶ
602 1724 815 1772 βασιλείας.
872 1726 945 1762 Sed
966 1725 1003 1761 in
1020 1725 1187 1761 Nicocle
1210 1725 1248 1773 55.
1268 1723 1308 1761 δ’.
1328 1723 1488 1771 legimus
1507 1735 1516 1759 z
1536 1722 1614 1759 Τὸν

162 1788 230 1839 μὲν
248 1786 314 1826 οὖν
339 1787 458 1837 ἕτερον
473 1787 606 1834 λόγον,
619 1788 668 1827 ὡς
687 1788 761 1835 χρὴ
776 1790 968 1833 τυραννεῖν
985 1784 1219 1835 Ἰσοκράτους
1241 1785 1427 1828 ἠκούσατε.
1450 1783 1515 1819 ubi
1536 1795 1614 1820 non

165 1850 304 1888 dubito
324 1849 418 1898 quin
437 1851 486 1890 ὡς
506 1847 670 1897 positum
693 1847 740 1883 sit
758 1858 829 1895 pro
855 1852 932 1887 πῶς
956 1848 1013 1893 (111
1037 1844 1088 1882 ὦν
1108 1858 1179 1894 pro
1197 1848 1309 1882 τίνων
1335 1842 1373 1880 1η
1402 1855 1538 1892 opusc.
1566 1843 1614 1879 ad

167 1910 456 1957 Demonicum),
477 1913 669 1957 τυραννεῖν
690 1913 818 1945 autem
845 1906 884 1944 in
908 1907 1048 1944 bonam
1070 1911 1218 1956 partem
1245 1906 1390 1943 dictum
1419 1917 1501 1942 esse
1527 1917 1620 1942 con-

167 1977 244 2010 stat
277 1983 347 2020 pro
373 1969 603 2017 βασιλεύειν.
659 1967 921 2011 Quamobrem
951 1966 1141 2017 suspicari
1165 1965 1253 2015 quis
1281 1965 1403 2015 possit
1433 1965 1615 2014 scriptum

163 2035 241 2073 illic
264 2034 379 2072 fuisse
400 2046 475 2071 non
492 2034 574 2083 περὶ
592 2036 656 2070 τοῦ
675 2030 904 2079 βασιλεύειν,
921 2030 989 2068 sed
1008 2032 1090 2080 περὶ
1109 2034 1171 2067 τοῦ
1190 2036 1268 2071 πῶς
1287 2031 1360 2079 χρὴ
1387 2027 1616 2075 βασιλεύειν,

167 2102 233 2135 aut
266 2097 380 2134 etiam
408 2095 560 2132 brevius
588 2100 666 2136 πῶς
694 2095 768 2146 χρὴ
797 2091 1024 2140 βασιλεύειν.
1043 2091 1218 2128 Alterum
1247 2096 1373 2127 autem
1393 2089 1442 2126 ad
1463 2088 1618 2126 titulum

169 2158 274 2210 quod
304 2156 456 2202 attinet,
480 2157 559 2207 περὶ
587 2153 804 2203 βασιλείας,
826 2159 1047 2203 suspectum
1077 2152 1232 2202 quidem
1261 2163 1343 2188 esse
1365 2150 1468 2195 mihi,
1489 2150 1619 2187 dicere

169 2219 232 2256 vix
256 2217 399 2256 ausim:
431 2216 499 2254 sed
521 2217 595 2254 hoc
622 2215 757 2253 saltem
778 2214 917 2260 dicam,
939 2213 1099 2264 perinde
1119 2211 1240 2249 videri
1257 2210 1547 2260 intelligendum
1574 2224 1619 2248 ac

170 2280 202 2317 si
229 2279 419 2328 scriptum
447 2285 549 2314 esset
579 2278 661 2327 περὶ
689 2285 754 2322 τῆς
785 2277 933 2324 α’γαθῆς
964 2273 1179 2321 βασιλείας,
1207 2277 1274 2309 aut
1303 2271 1418 2308 etiam
1445 2273 1525 2320 περὶ
1555 2279 1621 2316 τῆς

168 2343 324 2388 ἀρίστης
357 2337 573 2386 βασιλείας.
642 2337 847 2388 Opusculo
877 2335 983 2387 quod
1019 2334 1191 2384 proxime
1230 2332 1404 2383 sequitur
1445 2333 1533 2378 hoc,
1575 2345 1622 2370 ac

171 2400 287 2439 veluti
307 2400 532 2450 copulatum
553 2399 642 2436 huic
656 2405 727 2444 est,
748 2398 882 2435 titulus
901 2403 960 2434 est
981 2392 1306 2433 NIKOKAHE:
1335 2393 1372 2429 111
1393 2392 1625 2442 quibusdam

172 2475 261 2500 vero
292 2462 400 2498 libris
425 2461 460 2498 ei
491 2460 689 2508 adjectum
719 2466 779 2496 est
802 2461 825 2504 ἢ
853 2456 1175 2508 συμβουλευτικός.
1245 2452 1368 2502 Cujus
1396 2453 1624 2503 epigraphes

175 2524 318 2562 mentio
338 2524 382 2560 fit
402 2530 441 2560 et
457 2522 582 2559 bacin
597 2521 764 2558 editione
779 2520 837 2558 his
854 2519 979 2556 verbis
996 2531 1006 2556 ι
1034 2517 1275 2569 ἐπιγράφεται
1287 2515 1324 2553 δὲ
1340 2516 1438 2566 ὅμως
1454 2518 1495 2552 οὒ
1507 2517 1624 2566 μόνον

173 2585 356 2629 Νικοκλῆς
383 2585 485 2621 ἀλλὰ
510 2583 569 2618 καὶ
595 2579 920 2632 συμβουλευτικός.
985 2577 1064 2616 Sed
1094 2578 1157 2615 hic
1183 2576 1318 2615 titulus
1340 2575 1495 2613 minime
1532 2575 1626 2612 mihi

174 2647 315 2696 placet,
344 2657 463 2696 quum
484 2648 547 2681 τοῦ
574 2642 885 2694 συμβουλευτικοῦ
910 2641 1025 2687 λόγου
1049 2637 1260 2689 appellatio
1280 2643 1358 2674 tam
1378 2635 1454 2673 late
1479 2638 1625 2685 pateat,

177 2714 218 2745 ut
243 2719 318 2744 non
346 2706 471 2742 minus
497 2704 702 2742 convenire
729 2701 967 2752 praecedenti
986 2699 1169 2750 potuerit.
1227 2698 1286 2735 Ex
1311 2710 1358 2734 eo
1383 2702 1513 2734 autem
1541 2696 1627 2745 ipso

176 2780 294 2819 quem
309 2766 426 2817 paulo
447 2772 535 2803 ante
548 2779 593 2802 ex
614 2769 644 2811 ξ.
665 2764 706 2801 δ’.
722 2763 836 2801 attuli
856 2763 942 2799 loco
957 2761 1113 2799 titulum
1130 2760 1269 2798 elicere
1284 2757 1524 2809 aptissimum
1542 2757 1629 2806 quis

178 2828 303 2879 possit
340 2827 468 2872 istum,
489 2827 569 2876 περὶ
597 2833 674 2872 τοῦ,
700 2829 785 2862 τίια
804 2823 855 2860 δεῖ
876 2839 994 2860 ποιειν
1019 2838 1101 2865 τους
1120 2822 1363 2872 ἀρχομένους.
1419 2817 1518 2855 Nam
1539 2822 1629 2866 post

177 2890 292 2927 allata
307 2887 396 2925 inde
408 2887 525 2925 verba
546 2886 731 2935 sequitur,
748 2885 811 2923 τὸν
826 2884 854 2921 δ’
869 2885 1004 2935 ἐχόμεν
1008 2899 1049 2920 ον
1060 2881 1243 2930 (subaudi
1262 2881 1425 2928 λόγον)
1407 2896 1430 2916 α
1446 2878 1498 2916 δεῖ
1510 2881 1627 2914 ποιεῖν

179 2951 260 2992 τοὺς
281 2948 524 3000 ἀρχομενους,
543 2948 616 2994 ἐγὼ
637 2945 859 2995 πειράσομαι
878 2943 1042 2981 διελθεῖν
1084 2944 1141 2980 Ac
1163 2941 1272 2979 valde
1292 2940 1468 2990 profecto
1489 2936 1628 2974 rationi

894 3022 920 3048 D
