1914 3314
700 220 786 264 AD
820 222 1191 267 ISOCRATEM.

257 337 332 367 tium
343 337 467 377 eripuit.
480 340 557 369 457.
579 348 650 368 cum
661 339 807 377 Evagora
817 340 924 370 decem

257 390 353 410 annos
376 381 561 421 belligerans
592 382 668 412 nihil
698 383 812 413 effecit.
848 383 924 413 ibid.

256 423 386 454 Cnidica
408 424 536 454 victoria
556 425 652 455 totius
676 426 762 455 Asiae
783 426 926 456 dominus

255 466 356 497 faetus
377 471 434 498 est.
457 471 533 499 458.
560 468 665 498 Persis
694 471 752 498 sub
780 469 926 499 Lacedae-

256 511 426 540 moniorum
448 511 579 550 imperio
602 512 805 551 quodcunque
828 511 926 541 faeere

255 552 355 588 licuit,
386 555 564 593 dominique
603 555 767 584 multarum
805 555 927 584 urbium

254 595 329 625 facti
346 603 426 626 sunt.
440 599 514 627 518.
537 598 686 626 adversus
708 599 818 627 Persas
833 608 926 637 quan-

257 637 296 667 do
313 639 429 668 bellum
445 640 672 677 suscipiendum
692 640 742 669 sit.
759 643 836 670 779.

213 679 349 710 Perseus
359 682 467 722 (Jovis
478 687 509 711 et
522 684 642 712 Danaes
650 682 748 722 filius)
760 684 927 713 Herculem

255 729 386 761 quatuor
401 731 509 755 aetates
526 725 666 755 anteivit.
682 728 762 756 49⁰2.

210 765 438 804 Pharnabazus,
461 768 652 798 clarissimus
671 769 835 798 Persarum
855 769 929 799 dux.

256 810 331 840 2⁰25.

210 851 354 889 Phidias,
368 853 419 892 qui
432 853 586 883 Minervae
600 858 732 884 statuam
749 853 832 884 fecit.
854 856 928 884 609.

210 894 386 935 PhilerguS.
401 899 477 927 718.

210 937 351 979 Philippi
371 939 494 970 Maced.
518 950 584 969 cum
603 939 843 970 Atheniensibus
866 950 928 979 pax

254 982 294 1012 de
320 983 514 1022 Amphipoli.
543 984 616 1013 954.
652 982 824 1022 Philippus
853 994 929 1022 quo-

253 1026 348 1055 modo
376 1026 500 1055 differat
520 1036 538 1054 a
564 1026 745 1055 clarissimis
767 1026 928 1056 civitatum

253 1069 458 1108 principibus.
477 1071 550 1100 256.
584 1070 751 1099 Thessalos
772 1069 832 1098 sibi
856 1079 929 1098 con-

224 1121 229 1127 ·
258 1112 386 1141 ciliavit.
411 1112 486 1142 958.
520 1112 663 1140 finitimas
698 1112 842 1140 civitates
869 1111 930 1140 sibi

254 1155 401 1184 molestas
426 1154 537 1192 partim
561 1153 663 1183 socios
686 1153 790 1189 habet,
818 1154 929 1192 partim

254 1196 380 1227 evertit.
413 1196 492 1227 ibid.
526 1198 698 1236 MagnetaS,
723 1197 931 1226 Perrhaebaeos

256 1244 288 1269 et
302 1240 432 1269 Paeones
456 1240 587 1269 devicit.
612 1240 688 1269 ibid.
738 1239 930 1278 Illyriorum,

256 1283 397 1321 exceptis
411 1282 464 1318 iis,
480 1283 533 1321 qui
543 1282 651 1312 Asiam
667 1281 816 1317 incolunt,
833 1283 929 1311 domi-

256 1336 314 1356 nus
339 1326 448 1354 factus.
464 1325 540 1354 ibid.
571 1325 801 1364 philosophiam
817 1335 930 1363 cogno-

258 1379 345 1399 scere
361 1368 487 1398 dicitur.
505 1371 580 1399 260.
610 1368 805 1398 incredibilia
826 1368 930 1407 perfe-

257 1413 311 1442 cit.
326 1413 401 1443 263.
424 1411 507 1440 illius
521 1411 620 1450 patria
632 1413 746 1450 Argos.
757 1413 831 1441 ⁰261.
857 1411 930 1449 quid

258 1455 345 1486 illius
379 1455 602 1484 obtrectatores
634 1455 673 1484 de
712 1465 749 1483 eo
779 1454 931 1492 judicent.

258 1501 334 1530 271.
382 1499 448 1536 ejus
478 1504 566 1537 pater
596 1497 775 1527 civitatibus
801 1497 931 1526 Graeciae

258 1541 414 1583 primariis
449 1542 576 1571 amicus.
613 1543 687 1571 274.
733 1539 931 1570 Macedonici

259 1585 348 1624 regni
371 1589 488 1620 auctor,
512 1583 608 1622 Argis
635 1583 792 1619 oriundus,
821 1582 931 1613 Mace-

259 1627 360 1658 doniae
376 1638 432 1657 rex
445 1627 488 1657 fit.
503 1627 578 1657 ibid.
603 1627 768 1665 Philippus
793 1631 932 1664 tempore

261 1671 408 1702 orationis
426 1670 612 1710 Philippica:
635 1671 665 1699 in
685 1671 810 1708 Europa
827 1674 932 1708 poten·

261 1714 413 1745 tissimus.
438 1716 513 1744 287.
547 1724 565 1743 a
593 1713 652 1742 diis
681 1712 876 1747 designatus,
901 1717 933 1741 ut

263 1757 372 1789 Persis
385 1757 500 1786 bellum
514 1756 634 1786 inferat.
650 1757 723 1786 290.
748 1755 932 1793 Philippicae

261 1800 410 1830 orationis
423 1800 640 1829 sommarium.
656 1802 732 1829 ²291.
768 1798 933 1836 Philippus

259 1844 331 1874 ideo
361 1853 421 1872 non
451 1847 556 1882 potest
594 1841 752 1871 adversari
792 1841 933 1870 Lacedae-

258 1886 384 1920 moniis,
395 1886 467 1924 quia
483 1895 579 1925 genus
591 1895 680 1914 suum
697 1886 778 1914 sieut
790 1884 932 1913 Lacedae-

261 1929 356 1960 monii
373 1930 410 1958 ab
432 1929 572 1958 Hercule
589 1928 686 1958 ducit.
699 1930 776 1964 750.
799 1927 932 1956 Thessa-

260 1973 360 2002 lorum
385 1971 511 2002 amicus.
537 1972 613 2002 755.
645 1970 877 2010 expeditionem
904 1970 933 1999 in

262 2017 374 2046 Persas
389 2015 530 2056 parabat,
547 2024 608 2052 quo
624 2018 761 2053 tempore
778 2013 934 2042 Isocrates

261 2058 385 2089 tertiam
408 2057 570 2096 epistolam
596 2057 732 2096 scripsit.
756 2058 831 2087 757.
867 2057 934 2094 ejus

262 2101 432 2131 humanitas
448 2102 486 2130 ab
502 2101 618 2130 exteris
634 2100 829 2138 praedieatnr.
844 2100 919 2129 761.

220 2143 312 2175 Philo
325 2143 358 2173 ἐκ
374 2143 482 2180 Κοίλης,
498 2143 656 2174 amnestiae
681 2142 828 2173 beneficio
846 2143 933 2171 abso-

263 2189 356 2218 lutus.
371 2189 447 2217 711.
471 2220 474 2223 ¹

219 2230 424 2261 Philomelus.
440 2231 514 2260 690.

221 2274 365 2304 Phliasii.
381 2275 456 2303 318.

220 2317 357 2352 Phocaei,
388 2317 550 2346 Persarum
588 2313 670 2352 regis
696 2313 933 2343 dominationem

264 2359 430 2398 fugientes,
446 2360 522 2388 Asia
543 2357 651 2387 relicta
666 2356 840 2386 Messaliam
861 2366 934 2385 con·

264 2402 418 2432 diderunt.
435 2403 510 2432 316.

223 2445 429 2476 Phocensium
448 2445 538 2473 urbes
555 2453 572 2473 a
585 2441 738 2472 Thebanis
755 2452 813 2471 non
827 2445 935 2481 captae.

267 2490 342 2520 266.
365 2487 548 2517 aThebanis
565 2485 645 2515 bello
663 2485 763 2523 petiti.
781 2485 856 2515 ibid.

224 2531 415 2570 Phocylides
431 2530 566 2570 optimus
582 2528 652 2558 vitae
663 2529 799 2558 lmmauae
813 2527 936 2558 consili-

268 2575 359 2604 arius.
377 2575 451 2604 150.

225 2617 400 2652 Phoenices,
421 2615 574 2646 Salamine
596 2613 786 2644 dominantes
808 2614 845 2643 ab
857 2613 938 2643 Eva-

270 2670 344 2701 gora
359 2669 454 2698 regno
470 2658 635 2698 pelluntur.
655 2659 729 2688 143.

231 2704 376 2734 Phoenix.
392 2705 466 2733 445.

225 2746 402 2778 Phoenix·a
429 2753 556 2784 precere
583 2742 712 2781 quodam
743 2741 937 2771 interficitur.

267 2793 344 2821 447.
368 2788 418 2828 qui
434 2789 500 2829 ipse
516 2786 695 2816 interfectus
713 2784 863 2824 Evagorae
890 2794 936 2814 re-

270 2842 360 2872 gnum
376 2832 514 2862 debiturn
530 2829 663 2868 reliquit.
681 2830 756 2859 448.

226 2874 368 2905 Phormio
391 2875 538 2904 adversus
553 2873 687 2902 Thraces
705 2870 786 2901 mille
808 2873 937 2899 armatos

270 2917 361 2947 duxit
374 2917 538 2948 Alcibiade
554 2914 759 2945 adolescente.
777 2915 851 2944 680.

228 2961 443 2999 Phrynondas,
457 2960 526 3000 quis
543 2958 644 2989 suerit.
658 2959 734 2987 718.

229 3004 379 3038 Piraeeus.
405 3003 575 3042 emporium
606 3000 748 3031 Gra-cite.
789 3001 842 3029 64.
888 2997 939 3027 Pi-

1595 227 1678 270 879

1003 346 1094 379 agros
1109 339 1249 380 populati
1265 345 1348 377 sunt,
1363 341 1513 372 suburbia
1527 342 1671 374 inconde-

1003 389 1085 413 runt.
1101 385 1177 414 676.
1221 382 1375 413 Piraeeum
1391 385 1443 424 qui
1458 386 1673 425 conlugerant,

1005 427 1094 465 quale
1111 427 1214 456 odium
1231 426 1325 456 fuerit
1346 427 1376 456 iu
1399 439 1462 463 eos,
1479 430 1530 467 qni
1548 430 1577 458 in
1594 431 1671 460 urbe

1003 475 1223 505 remanserant,
1237 475 1268 499 et
1280 475 1395 500 contra.
1411 473 1488 507 706,
1502 474 1578 508 710,
1593 474 1670 503 716.

961 511 1106 542 Pisandri
1123 513 1294 550 catalogus.
1311 513 1382 542 Vid.
1402 515 1569 553 Lysander.

963 555 1143 584 Pisistratus
1180 556 1398 586 democratiam
1436 557 1670 588 Atheniensium

1006 602 1141 627 veterem
1164 598 1259 628 solvit
1282 603 1314 628 et
1340 609 1373 629 se
1400 604 1560 639 tyrannum
1585 601 1670 631 fecit.

1005 642 1080 670 540.

962 683 1152 713 Plataeenses
1163 682 1193 712 iu
1203 683 1285 713 bello
1298 684 1426 714 Persico
1435 685 1491 714 soli
1502 686 1672 716 Athenien·

1006 726 1083 756 sium
1100 726 1131 755 in
1147 726 1273 756 Boeotia
1284 728 1373 756 socii.
1388 730 1462 757 527.
1485 738 1502 757 a
1514 729 1670 759 Thebanis

1006 769 1093 808 pacis
1106 774 1243 808 tempore
1260 772 1371 800 eversi.
1387 773 1462 800 584.
1475 773 1549 801 585.
1575 773 1672 802 Lace-

1006 812 1223 841 daemoniorum
1241 813 1330 847 socii,
1342 814 1395 842 sed
1412 814 1510 843 inviti.
1523 816 1598 844 587.
1622 814 1671 844 bis

1006 855 1187 893 expugnati,
1204 861 1330 895 propter
1344 856 1580 886 Atheniensium
1596 857 1672 887 ami-

1006 898 1120 928 citiam.
1130 900 1206 929 589.
1236 900 1322 934 urbe,
1339 899 1474 937 regione,
1487 901 1597 939 opibus
1611 911 1671 930 uno

1006 940 1057 970 die
1078 941 1188 971 orbati.
1211 942 1286 971 594.
1318 952 1443 972 errones
1467 948 1497 972 et
1526 943 1672 972 mendici.

1006 983 1082 1013 ibid.
1121 984 1243 1013 illorum
1274 984 1447 1014 miseranda
1473 986 1610 1015 conditio
1641 986 1671 1016 in

1008 1027 1276 1057 universum.ibid.
1292 1028 1523 1057 Atheniensium
1538 1029 1669 1067 cognati.

1006 1070 1081 1101 595.
1106 1070 1179 1098 Vid.
1197 1069 1414 1099 Athenienses.
1460 1070 1497 1100 In
1521 1071 1672 1100 Plataeen-

1008 1111 1086 1159 sium
1098 1113 1226 1149 regione
1236 1112 1378 1141 maximae
1393 1113 1497 1151 gloria:
1508 1113 1676 1143 Athenien-

1010 1164 1089 1183 smm
1105 1160 1308 1184 monumenta.
1326 1156 1400 1187 595.

966 1197 1168 1236 Pnytagoras,
1186 1198 1337 1236 Evagorae
1352 1197 1440 1226 filius.
1459 1200 1532 1228 457.

966 1240 1193 1275 Polemenetus,
1212 1245 1310 1276 vates,
1333 1242 1419 1278 cujus
1442 1241 1555 1280 hospes
1576 1242 1672 1272 Thra-

1010 1283 1167 1320 sylochus.
1186 1285 1260 1312 734.

967 1325 1083 1354 Pollux
1116 1324 1361 1365 (Polydeuces),
1390 1325 1544 1364 Tyndarei
1578 1326 1671 1358 filius.

1009 1370 1082 1398 ⁶299.
1108 1367 1237 1397 Helenae
1252 1369 1355 1398 frater.
1371 1370 1446 1399 469.
1553 1373 1564 1381 ·

966 1411 1139 1450 Polyalces.
1156 1413 1230 1451 764.

968 1453 1164 1493 Polycrates,
1180 1455 1217 1483 ad
1231 1464 1320 1493 quem
1337 1452 1483 1484 scribitur
1498 1454 1596 1484 oratio
1609 1455 1674 1485 Bu-

1011 1497 1082 1526 siris
1105 1497 1264 1536 inscripta.
1280 1500 1356 1527 482.
1381 1497 1567 1527 defensionis
1584 1498 1676 1528 Busi-

1007 1540 1084 1569 ridis
1109 1545 1137 1569 et
1162 1540 1368 1569 accusationis
1395 1540 1532 1571 Socratis
1557 1546 1674 1570 auctor.

1008 1585 1080 1613 484.
1099 1584 1165 1621 ejus
1181 1593 1320 1613 censura.
1337 1585 1414 1614 491.
1446 1585 1513 1622 ejus
1536 1584 1674 1613 defensio

994 1624 1168 1655 ‘Busiridis
1181 1636 1290 1655 revera
1301 1630 1348 1654 est
1360 1626 1526 1656 accusatio.
1535 1628 1611 1663 493,
1622 1629 1675 1658 29.

969 1668 1141 1707 Polytionis
1159 1669 1278 1698 domus.
1294 1670 1368 1699 605.

968 1712 1135 1741 Poseidon.
1151 1714 1227 1746 34⁴2,
1243 1714 1318 1743 368.

967 1755 1162 1793 Proserpina.
1178 1756 1252 1784 469.

969 1797 1163 1837 Protagoras,
1179 1797 1329 1835 sophista.
1345 1798 1419 1827 465.

969 1840 1172 1879 Pythagoras,
1194 1840 1327 1874 Samius,
1356 1839 1551 1870 sacerdotum
1578 1839 1677 1879 AEgy-

1012 1883 1149 1923 ptiorum
1167 1883 1352 1923 discipulus,
1365 1883 1589 1922 philosophiam
1607 1883 1677 1912 inde

1012 1927 1050 1956 ad
1080 1927 1205 1956 Graecos
1236 1926 1400 1956 transtulit.
1426 1928 1501 1956 490.
1539 1935 1676 1964 magnam

1012 1970 1070 1999 sibi
1083 1969 1208 2009 gloriam
1221 1968 1424 2009 comparavit,
1440 1970 1567 2008 ejusque
1583 1969 1677 1999 disci-

1011 2013 1075 2052 puli
1093 2022 1202 2050 magno
1218 2018 1288 2042 sunt
1305 2013 1333 2042 in
1351 2012 1474 2042 honore.
1490 2012 1568 2042 ibid.

970 2056 1095 2094 Pythia.
1113 2059 1186 2090 181,
1201 2057 1275 2086 469.

971 2099 1178 2137 Pythodorus,
1194 2097 1376 2138 cognomine
1391 2097 1543 2128 Scenites.
1558 2098 1634 2128 689.

1306 2174 1346 2204 R.

969 2225 1234 2256 Rhadamanthus.
1250 2227 1326 2255 554.

970 2269 1087 2305 Rhino,
1105 2268 1283 2298 Decemvir.
1301 2269 1377 2298 707.

1307 2345 1341 2374 S.

969 2395 1141 2435 Sarpedon,
1157 2394 1250 2426 Jovis
1264 2394 1355 2424 tilius.
1371 2397 1448 2425 477.

969 2440 1112 2477 Satyron,
1129 2439 1285 2468 Pheraeus.
1301 2440 1376 2468 694.

970 2482 1111 2521 Satyrus,
1127 2481 1155 2510 in
1175 2482 1276 2511 Ponto
1288 2481 1445 2520 princepS.
1462 2480 1538 2510 688.

971 2525 1175 2555 Scionaeorum
1202 2524 1354 2554 interitus.
1380 2525 1457 2554 208.
1488 2528 1578 2552 terra.
1602 2523 1676 2552 219.

1015 2568 1224 2597 infortunium.
1241 2569 1316 2597 519.

971 2610 1093 2646 Sciron,
1108 2611 1186 2640 latro
1198 2620 1215 2639 a
1231 2610 1350 2640 Theseo
1365 2608 1582 2648 interemptus,
1596 2609 1675 2637 4⁷⁶2.

973 2654 1107 2692 Scythae,
1137 2653 1366 2691 antiquissimus
1387 2657 1418 2682 et
1445 2650 1679 2691 potentissimus

1016 2697 1248 2736 populus.194.
1270 2706 1337 2726 cum
1352 2694 1558 2726 Amazonibus
1570 2694 1600 2722 in
1619 2692 1678 2722 At-

1015 2741 1107 2769 ticam
1131 2740 1296 2769 ineurrunt.
1322 2740 1396 2770 195.
1425 2743 1550 2778 propter
1572 2735 1679 2766 Antio-

1016 2792 1085 2821 pam
1102 2792 1119 2812 a
1133 2782 1254 2812 Theseo
1267 2782 1403 2812 ductam.
1417 2783 1492 2811 55⁶2.

975 2824 1174 2864 Siphuinrum
1189 2825 1240 2855 lex
1257 2826 1298 2856 de
1313 2824 1489 2862 adoptione.
1501 2823 1577 2852 ⁷26.

976 2868 1114 2898 Socratis
1142 2868 1297 2898 accusatio
1321 2878 1337 2896 a
1362 2867 1524 2904 Polycrate
1554 2863 1680 2904 scripta.

1019 2913 1095 2942 484.
1115 2911 1258 2941 Socrates
1282 2909 1449 2950 neubi-avoc.
1474 2909 1549 2942 485,
1569 2909 1602 2937 6.
1625 2908 1682 2937 so-

1019 2954 1114 2984 cratis
1130 2954 1302 2994 discipulus
1318 2962 1476 2992 perperam
1492 2949 1614 2980 habitus
1634 2955 1681 2980 est

1021 2997 1201 3028 Alcibiades
1216 3008 1234 3027 a
1249 2997 1425 3035 Polycrate.
1442 2996 1516 3026 484.

272 3056 383 3075 rn’emu
407 3051 604 3086 occupantes,
630 3049 747 3084 segetes
772 3046 938 3076 vastarunt,
978 3041 1081 3072 Solon.
1112 3042 1186 3072 540.
1224 3038 1346 3069 Solonis
1381 3035 1577 3069 democratia.
1607 3037 1682 3067 220.

953 3159 966 3174 Ι
