1924 3314
478 203 560 246 DE
591 202 887 246 TEMPORE
917 200 1308 244 PANEGYRICI.
1534 200 1604 242 161

177 317 329 356 duobus
343 317 544 368 postremis
564 317 801 368 potissimum
814 317 923 356 annis
943 323 1150 367 pugnatum
1169 329 1266 354 esse.
1293 315 1353 353 Ad
1369 314 1606 352 hunclocum

178 379 471 430 Wesselingius:
515 385 597 417 “at
626 381 816 419 Isocrates
845 379 1032 430 Panegyr.
1054 392 1093 429 p.
1116 382 1206 415 101.
1228 385 1375 415 sextum
1405 377 1485 427 ejus
1514 365 1606 412 belli

177 452 330 487 annum,
349 455 434 479 cum
450 441 658 480 orationem
677 455 760 479 eam
780 440 986 486 scriberet3
1007 440 1115 486 verti,
1130 439 1286 489 jamque
1301 439 1514 487 Evagoram
1528 449 1606 474 ma-

177 501 305 539 ritimo
325 503 532 540 certamine
551 508 767 553 superatum
786 502 901 540 rebus
920 501 1089 551 angustis
1107 514 1205 550 esse,
1220 499 1437 548 significat:
1466 497 1528 536 cui
1542 510 1606 535 ea-

176 561 267 600 dem
286 568 512 614 tempestate
531 564 670 602 viventi
685 577 754 602 cur
775 563 928 601 tandem
949 576 1023 602 non
1040 575 1239 602 accessero
1253 561 1294 601 ‘3”
1335 560 1432 598 Tum
1452 558 1605 610 quidem

178 623 312 662 decem
333 639 516 664 annorum
538 639 734 664 numerum
755 624 990 664 confirmat
982 638 1065 674 ipse
1087 624 1276 662 Isocrates
1301 623 1465 671 Evagor.
1485 633 1520 658 c.
1539 623 1604 657 23.

179 685 395 738 Εὐαγόρᾳ
375 688 415 724 οὲ
436 690 647 739 πολεμήσας
665 686 909 735 (βασιλεὺς)”
892 704 953 733 ετη
974 686 1072 731 δέκα,
1093 691 1164 723 τῶν
1184 687 1303 722 αυτῶν
1322 684 1444 733 κύριον
1464 682 1607 718 κατέλι-

176 763 256 794 πεν,
277 746 396 800 ὦνπερ
415 748 461 796 ἧν
479 752 538 787 καὶ
563 752 647 800 πρὶν
665 753 718 793 εἰς
743 750 808 788 -ὸν
834 751 998 800 πόλεμον
1017 749 1208 793 εἰσελθεῖν,
1231 745 1298 783 sed
1324 744 1471 793 reliqua
1495 741 1606 780 facile

176 809 355 848 illustrari
375 824 449 848 non
470 817 643 861 possunt.
701 811 800 854 Quae
827 810 1022 848 Diodorus
1044 810 1070 846 l.
1091 809 1116 846 l.
1137 813 1264 845 narrat
1281 818 1350 855 per
1370 804 1607 851 ἐπανάληῲιν

178 869 394 909 historicam
416 884 561 916 eorum,
582 885 668 921 quae
691 871 841 920 aliquot
866 871 974 908 annis
1001 875 1090 907 ante
1117 868 1221 906 facta
1248 867 1410 911 fuerant,
1430 866 1483 903 ita
1502 871 1544 902 ut
1563 875 1609 901 ea

176 930 392 978 adjunxerit
411 937 450 968 et
468 930 676 980 repetierit,
692 943 770 978 quo
789 930 937 967 facilius
958 929 1124 978 origines
1143 935 1258 978 atque
1278 939 1403 964 causae
1418 924 1505 962 belli
1520 936 1606 974 per-

176 990 272 1040 spici
289 982 448 1041 possent
471 991 555 1040 jam
585 997 689 1029 recte
715 991 895 1041 explicuit
916 989 1244 1039 Verpoortennius
1263 987 1302 1025 in
1328 987 1531 1023 Dissertat.
1558 984 1608 1022 de

176 1064 293 1102 regno
323 1052 529 1090 Salaminio
553 1053 591 1090 in
621 1052 752 1102 Cypro
773 1065 854 1090 cur.
881 1051 967 1088 Ioh.
998 1051 1060 1087 Fr.
1089 1049 1257 1087 Fischer.
1286 1047 1391 1098 Lips.
1424 1050 1542 1086 1779.
1569 1051 1608 1084 8.

169 1112 251 1162 jam
271 1114 370 1152 enim
390 1114 546 1165 Olymp.
578 1113 700 1151 XCV.
731 1126 765 1151 a.
794 1113 846 1149 ΙΙ.
876 1125 939 1150 rex
966 1118 1061 1149 erat.
1117 1110 1273 1161 Olymp.
1301 1108 1466 1146 XCVII.
1493 1121 1527 1146 a.
1552 1108 1606 1146 ΙΙ.

175 1176 443 1227 quumsolam
475 1176 703 1214 Salaminem
736 1181 897 1220 teneret,
934 1174 1090 1224 reliquis
1123 1173 1241 1222 Cypri
1274 1171 1434 1209 urbibus
1463 1169 1607 1208 bellum

174 1249 328 1286 parasse
345 1237 507 1283 videtur,
525 1243 563 1275 et
579 1236 717 1275 deinde
737 1237 781 1274 iis
800 1236 987 1281 intulisse,
1008 1247 1168 1286 quarum
1191 1234 1272 1272 aliis
1293 1233 1496 1283 persuasit,
1516 1231 1607 1269 alias

174 1299 288 1337 armis
308 1299 446 1350 coegit,
469 1305 510 1336 ut
529 1299 688 1349 imperio
709 1312 776 1336 suo
797 1312 836 1337 se
856 1297 1116 1346 subjicerent3
1134 1296 1330 1346 expeditio
1351 1302 1478 1332 autem
1498 1295 1608 1331 Arta-

174 1360 301 1398 xerxis
321 1361 502 1398 adversus
523 1361 647 1410 ipsum
672 1360 789 1398 serius
811 1359 957 1397 initium
978 1360 1095 1409 cepit,
1115 1366 1231 1408 atque
1257 1356 1397 1408 bellum
1420 1369 1539 1406 usque
1557 1355 1608 1393 ad

176 1421 341 1460 mediam
364 1421 633 1472 Olympiadem
656 1422 902 1460 centesimam
919 1427 1066 1471 gestum
1087 1427 1157 1458 est.
1205 1419 1338 1457 Potest
1356 1418 1510 1469 quidem
1532 1419 1606 1456 hoc

176 1495 227 1520 ex
246 1483 415 1521 Isocrate
434 1492 473 1520 et
501 1483 657 1521 aliunde
679 1484 762 1532 jam
782 1483 927 1529 sentiri,
949 1482 1014 1521 sed
1038 1489 1079 1519 ut
1104 1482 1375 1525 demonstrem,
1397 1480 1528 1518 locum
1556 1479 1609 1516 hi-

179 1544 309 1582 storici
339 1544 556 1591 adhibeam,
577 1544 643 1594 qui
673 1552 762 1587 erat⁴
783 1545 871 1582 huic
897 1546 1002 1582 aetati
1027 1544 1238 1594 proximus,
1257 1543 1304 1581 de
1327 1556 1403 1593 qua
1427 1555 1608 1592 quaecun-

177 1617 251 1655 que
269 1605 471 1643 traduntur
489 1611 525 1642 et
546 1606 710 1643 obscura
729 1613 817 1643 sunt
836 1612 874 1643 et
893 1619 1022 1644 secum
1042 1613 1225 1656 pugnant.

230 1666 288 1702 Ex
307 1666 350 1703 iis
371 1667 636 1716 scriptoribus,
656 1667 721 1717 qui
741 1667 771 1704 si
791 1681 921 1705 eorum
945 1680 1061 1717 opera
1085 1674 1237 1705 aetatem
1265 1667 1441 1709 tulissent
1463 1666 1606 1717 optime

179 1727 355 1765 tenebras
393 1727 578 1778 dissipare
609 1736 785 1778 possent,
825 1742 911 1779 quae
946 1729 1151 1766 etiamnum
1191 1729 1400 1779 permultas
1438 1727 1606 1765 historiae

178 1789 331 1825 Graecae
347 1794 478 1826 aetates
497 1789 696 1839 obtegunt,
711 1802 818 1839 paene
836 1791 999 1840 primum
1020 1790 1147 1827 locum
1167 1789 1317 1831 obtinet
1333 1789 1610 1838 Theopompus

178 1848 310 1886 Chius.
341 1849 498 1888 Etiamsi
516 1850 614 1887 enim
634 1850 822 1887 interdum
844 1851 972 1900 paullo
992 1851 1168 1900 cupidius
1189 1851 1225 1888 in
1246 1850 1442 1888 notatione
1463 1862 1609 1887 morum

177 1916 403 1958 versaretur,
423 1918 462 1949 et
481 1912 674 1950 rhetorico
699 1911 865 1950 artificio
891 1913 1032 1962 scripta
1051 1921 1267 1958 exornaret,
1294 1911 1472 1949 Isocratis
1491 1911 1611 1949 disci-

179 1970 322 2021 plinam
342 1972 534 2022 prodens;
563 1979 687 2010 tamen
716 1986 800 2010 eum
829 1973 1060 2022 gravissimis
1083 1980 1121 2011 et
1144 1973 1220 2010 fide
1246 1973 1368 2022 dignis
1390 1973 1610 2011 auctoribus

179 2033 505 2071 annumerandum
525 2047 621 2079 esse,
639 2034 798 2084 ejusque
817 2034 1032 2072 testimonia
1048 2034 1199 2072 maximi
1215 2047 1296 2071 esse
1314 2034 1507 2083 ponderis,
1525 2047 1609 2071 nam

179 2093 227 2131 de
245 2094 480 2145 Θαυμασίοις
502 2095 562 2132 hic
583 2108 706 2133 sermo
726 2109 800 2133 non
822 2103 890 2141 est,
911 2103 1028 2146 atque
1049 2096 1097 2133 ab
1117 2109 1163 2133 eo
1185 2094 1322 2132 multos
1338 2094 1508 2132 historiae
1521 2096 1612 2133 scri-

179 2162 325 2206 ptores,
351 2156 451 2194 inter
476 2169 541 2194 eos
569 2157 682 2194 etiam
708 2157 924 2195 Diodorum
950 2157 1120 2208 pendere
1140 2162 1305 2194 constat.
1363 2157 1613 2206 Quapropter

180 2231 295 2269 quum
311 2217 541 2256 collectione
557 2231 701 2263 eorum,
719 2232 796 2270 qua
814 2232 859 2256 ex
880 2219 964 2269 ejus
985 2218 1137 2268 scriptis
1154 2218 1214 2255 hic
1230 2217 1309 2255 illic
1325 2217 1374 2254 ab
1386 2217 1613 2267 antiquiori-

179 2281 250 2331 bus
271 2286 615 2319 commemorantur
640 2280 846 2319 etiamnum
872 2294 972 2332 aegre
991 2293 1203 2326 careamuS,
1223 2279 1380 2318 maxime
1401 2280 1612 2330 optandum

182 2349 254 2389 est,
276 2349 317 2381 ut
338 2355 384 2380 ne
404 2342 550 2380 diutius
570 2343 772 2393 retineant,
793 2343 858 2393 qui
886 2356 929 2380 ea
955 2342 1121 2380 collecta
1147 2349 1312 2380 servant.
1367 2341 1614 2392 Theopompi

179 2406 298 2444 libros
321 2405 412 2454 legit
431 2404 592 2443 Photius
611 2405 700 2443 cod.
715 2405 952 2454 CLXXVI„
971 2411 1008 2442 et
1024 2403 1221 2442 nobiscum
1241 2402 1422 2441 nonnulla
1442 2415 1614 2440 commu-

182 2467 296 2512 nicat,
326 2479 486 2516 quornm
508 2466 686 2515 quaedam
705 2467 766 2504 hic
784 2465 988 2516 proferam.
1024 2465 1067 2502 P.
1087 2468 1177 2502 389.
1194 2465 1255 2503 ed.
1276 2464 1481 2502 Hoeschel.
1502 2468 1616 2503 1653.

179 2527 497 2576 Ἀνεγνώσθησαν
522 2531 791 2578 θεοπόμπου
818 2529 927 2576 λόγοι
959 2528 1138 2577 ἱστορικοί.
1182 2526 1474 2570 Πεντήκοντα
1499 2524 1538 2562 δὲ
1556 2526 1615 2563 καὶ

182 2595 302 2640 τρεῖς
329 2590 420 2627 εἰσὶν
446 2588 479 2625 οἱ
506 2590 703 2638 σωζόμενοι
734 2590 845 2626 αὐτοῦ
872 2595 943 2626 τῶν
969 2588 1154 2639 ἱστορικῶν
1179 2588 1302 2636 λόγοι,
1329 2586 1618 2625 διαπεπτωκέναι

186 2650 222 2688 δὲ
243 2652 301 2688 καὶ
320 2656 392 2688 τῶν
411 2652 582 2686 παλαιῶν
602 2649 697 2693 τινὲς
717 2649 857 2701 ἔφησαν
876 2651 941 2694 τήν
961 2665 997 2687 τε
1022 2650 1128 2695 ἕκτην
1148 2650 1206 2686 καὶ
1225 2647 1401 2699 ἑβδόμην,
1422 2649 1481 2685 καὶ
1500 2646 1541 2692 δὴ
1560 2649 1618 2685 καὶ

185 2715 249 2758 τὴν
268 2712 423 2758 ἑννόιτην
441 2713 499 2748 καὶ
518 2714 697 2757 εἰκοστὴν,
718 2713 775 2748 καὶ
794 2714 860 2756 τὴν
884 2716 1112 2760 τριακοστήν.
1165 2712 1287 2748 Ἀλλὰ
1304 2713 1439 2752 ταύτας
1458 2709 1525 2761 μὲν
1545 2708 1618 2747 οὔδ’

185 2775 289 2822 ἡμεῖς
308 2773 460 2824 εἴδομεν·
513 2772 792 2824 Μηνοφάνης
817 2773 855 2810 δέ
882 2789 936 2815 τις
962 2776 1006 2810 τὰ
1029 2775 1109 2822 περὶ
1132 2771 1358 2822 Θεόπομπον
1383 2770 1515 2817 διεξιὼν
1539 2772 1618 2819 (ἀρ·

187 2841 296 2886 χαῖος
317 2835 352 2874 δὲ
374 2837 432 2873 καὶ
450 2837 760 2885 εὐκαταφρόνητος
788 2835 807 2872 ὁ
832 2836 951 2882 α’νὴρ),
971 2836 1029 2872 καὶ
1047 2838 1112 2880 τὴν
1133 2833 1333 2880 δωδεκάτην
1353 2832 1620 2871 συνδιαπεπτω-

188 2897 287 2933 κέναι
305 2899 417 2945 λέγει.
473 2900 604 2934 Καίτοι
624 2898 737 2941 αὐτὴν
761 2898 866 2946 ἡμεῖς
896 2901 977 2939 ταῖς
1003 2897 1141 2939 ἄλλαις
1168 2897 1450 2943 συνανέγνωμεν
1474 2909 1505 2930 κ.
1526 2908 1557 2930 τ’.
1579 2894 1616 2928 λ.

192 2956 347 3007 Scripsit
365 2959 637 3010 Theopompus
659 2959 826 3003 σύνταξιν
843 2957 1071 3004 Ἑλληνικῶν
1092 2958 1199 2996 libris
1220 2956 1313 2995 XII.
1332 2961 1565 2998 contentam,
1583 2954 1619 2990 iu

890 3029 915 3056 Y
