1914 3314
609 219 1133 264 ΑΙΓΙΝΗΤΙΚΟΣ.

1474 214 1579 267 723

164 330 267 384 ποτ’
302 330 444 382 ἐλθεῖν
479 330 655 382 ἐναντίοι
687 329 926 406 πράξοντα
964 341 1062 390 ταῖς
1094 329 1328 399 διαθήκαις
1357 330 1414 390 οἳς
1437 332 1585 391 ἐκεῖνος

165 407 419 456 κατέλιπεν
449 402 593 465 ἐπειδὴ
626 402 666 456 δὲ
693 415 781 463 τοῖς
805 401 1036 463 almitiem
1059 403 1241 466 τοιαύτη
1267 404 1415 474 γνώμη
1441 407 1585 473 Ῑπαρψ

164 477 346 538 ἔστηκεν
370 475 473 535 [Agre
500 476 579 528 nai
605 478 709 551 πξός
735 477 866 535 οὕτως
885 476 1076 543 ἐχούσας
1098 477 1242 536 adroic
1269 479 1584 547 οἱμφισὲητεῖν,

127 576 149 600 c
166 550 422 615 ἀναγκαίως
448 549 543 615 ’ἔχει
565 551 679 624 παρ’
702 550 818 618 ὑμεῖν
851 551 935 601 niv
967 548 1139 602 δικὶκίων
1169 552 1406 617 τυγχάνειν
1437 550 1586 619 πειρᾶε-

167 624 300 676 σθαι.
331 621 574 675 τούναντίον
607 620 649 674 δὲ
677 623 893 674 πέπονθα
924 634 1011 682 τοῖς
1044 625 1276 683 πλείστοις
1309 625 1390 676 τῶν
1421 624 1587 700 οἱνθρῶ-

168 714 276 748 πων·
315 695 414 753 τούς
445 695 522 764 μὲν
545 695 635 771 ’γοὶρ
669 694 834 755 ἄλλους
866 698 943 772 6ξῶ
974 699 1201 763 χαλεπῶς
1233 699 1447 772 φέροντας,
1480 697 1587 749 ὅταν

167 766 327 826 olibam
358 767 462 842 περί
490 793 599 826 τινος
631 767 954 821 2κιινὸυνευῖωσην·
992 770 1079 836 ἓγιδ
1113 768 1157 822 δ’
1180 771 1331 837 ὂλῖγου
1357 769 1430 823 δέω
1461 770 1588 845 χάριν

335 871 344 890 ¹
368 871 544 903 καθέστηκεν
559 873 597 902 A.
612 873 649 903 C.
665 873 700 903 L,

168 955 358 990 contulisset,
370 966 405 984 ac
420 955 450 985 iu
467 965 533 985 eum
546 957 680 985 morbum
697 956 864 992 incidisset,

168 1008 230 1037 quo
247 998 348 1038 periit,
362 998 404 1027 ita
425 1008 493 1029 eum
514 999 629 1034 curavi,
647 1004 679 1028 ut
694 999 771 1028 hand
788 999 866 1039 scio,

170 1051 205 1070 au
222 1040 380 1079 quisquam
403 1041 479 1070 alius
502 1041 592 1069 alium
614 1050 753 1079 uuquam.
804 1042 864 1070 Sex

169 1087 251 1113 totos
265 1092 384 1113 menses
395 1083 426 1113 in
442 1084 520 1112 lecto
536 1083 692 1117 decubuit,
707 1083 866 1121 uanusque

170 1129 374 1163 cognatorum,
390 1129 499 1162 praeter
519 1130 641 1154 matrem
667 1125 748 1154 iilius
764 1135 798 1154 ac
817 1136 866 1158 so-

170 1177 280 1202 rorem,
305 1177 371 1205 quae
394 1172 518 1205 aegrotae
542 1167 704 1196 Troezenen
735 1167 865 1196 advene-

172 1214 253 1244 runt,
269 1219 335 1240 eum
351 1208 458 1240 invisit
471 1220 479 1246 ;
501 1219 559 1248 quo
572 1214 706 1248 tempore
719 1220 785 1239 euru
799 1220 866 1239 cum

172 1252 261 1281 unico
279 1262 373 1290 puero
397 1251 511 1281 curavi.
555 1252 677 1281 Nuilnm
699 1251 778 1281 diem
802 1252 865 1281 sine

173 1294 317 1333 lacrymis
329 1294 463 1333 egimus3
477 1295 583 1333 quibus
595 1296 731 1324 omnibus
743 1296 867 1324 accede-

173 1337 236 1370 bat,
253 1337 331 1377 quod
350 1337 421 1366 mihi
434 1337 567 1375 nuspiam
581 1337 736 1366 discedere
747 1337 866 1367 licebat.

172 1378 253 1419 (ιδ’.)
277 1380 351 1415 Quae
366 1379 397 1408 iu
413 1380 566 1408 curatione
583 1380 677 1408 morbi
693 1379 869 1408 difficillima

170 1426 207 1459 ‘et
222 1421 432 1460 molestissima
447 1428 526 1456 suut,
542 1432 598 1450 non
622 1422 694 1452 satis
714 1422 868 1451 commode

175 1464 306 1493 enarrari
331 1470 463 1503 possunt.
519 1464 638 1500 Quibus
662 1464 800 1502 equidem
828 1465 869 1493 ita

175 1506 301 1536 affectus
313 1506 366 1540 fui,
380 1511 413 1536 ut
427 1507 682 1545 amici,quotquot
694 1517 740 1536 me
757 1507 869 1536 invise-

176 1550 258 1584 bant,
277 1549 371 1577 vereri
388 1549 534 1583 dicerent,
546 1559 582 1577 ne
599 1549 664 1586 ipse
683 1560 738 1578 una
753 1560 819 1578 cum
834 1560 868 1578 eo

175 1592 328 1628 perirem3
356 1592 465 1629 quibus
487 1602 544 1630 ego
568 1593 796 1630 respondebam,
822 1603 868 1622 nie

175 1633 264 1672 longe
284 1633 371 1662 malie
395 1634 499 1668 emori,
514 1644 600 1672 quam
624 1634 822 1668 committere,
841 1640 870 1664 ut

175 1675 230 1705 iiie
243 1679 380 1705 curatore
396 1687 487 1714 egens
507 1682 577 1705 ante
594 1676 673 1706 diem
692 1682 869 1706 moreretur.

177 1712 252 1758 (ιε’.)
278 1720 322 1747 Ac
333 1728 460 1753 mecum,
470 1719 519 1757 qui
529 1719 597 1748 talis
611 1719 651 1748 sui
661 1729 732 1757 erga
741 1720 869 1758 Thrasy-

178 1761 307 1796 tochum,
319 1771 390 1790 ausa
405 1766 453 1790 est
470 1761 650 1790 contendere
660 1762 728 1796 ista,
739 1772 805 1800 quae
819 1773 870 1791 ne—

177 1813 236 1842 que
251 1804 282 1832 in
296 1808 353 1832 tam
363 1803 505 1834 diuturno
515 1805 617 1833 morbo
628 1803 710 1835 inum
726 1804 869 1841 invisere,

177 1855 272 1884 neque
284 1845 371 1875 funus
382 1847 446 1884 ejus
457 1846 666 1875 concelebrare
679 1846 800 1884 dignata
813 1854 870 1882 est,

178 1889 244 1922 sed,
267 1887 351 1926 quasi
371 1889 506 1926 pecuniae
529 1899 586 1918 non
607 1888 719 1919 homiui
745 1895 871 1928 cognata

178 1931 360 1964 exstitisset,
371 1931 409 1960 de
422 1931 508 1959 bonis
519 1931 806 1970 relictis‚antequam
818 1934 870 1961 de-

179 1983 244 2002 cem
261 1973 326 2002 dies
343 1973 499 2008 exiissent,
510 1973 742 2002 controversiam
756 1979 872 2004 motura

180 2015 276 2046 veuit.
318 2016 435 2054 Quodsi
451 2026 504 2054 per
518 2016 692 2046 inimicitias
706 2017 764 2045 ista
775 2018 872 2046 facere

180 2068 236 2087 non
251 2058 363 2096 potuit,
378 2058 602 2098 Thrasyiocbus
624 2069 696 2098 opes
716 2069 786 2088 suas
801 2060 872 2088 mihi

180 2100 294 2139 rectius
310 2100 444 2140 reliquit,
459 2111 546 2139 quam
561 2101 611 2130 isti
624 2111 633 2138 ;
654 2101 699 2130 sin
714 2101 788 2130 nihii
809 2103 873 2132 dis-

181 2142 251 2171 sidii
270 2143 348 2172 iuter
369 2142 454 2182 ipsos
474 2144 541 2178 fuit,
556 2144 650 2173 multo
673 2144 788 2182 aequius
809 2145 874 2174 suis

179 2184 248 2223 ipsa
263 2185 350 2215 bonis
365 2185 556 2225 spoliaretur,
576 2196 663 2224 quam
679 2187 822 2216 bonorum
838 2187 874 2216 ii-

180 2227 239 2257 lius
259 2228 346 2257 heres
361 2228 453 2257 fieret.
498 2229 590 2268 Atqui
609 2239 725 2267 aequum
751 2233 806 2264 est,
822 2240 875 2259 vos

180 2270 210 2299 in
222 2270 372 2299 sententia
385 2271 506 2300 ferenda
516 2281 573 2301 non
588 2276 646 2300 tarn
658 2282 710 2300 eos
725 2277 875 2310 spectare,

181 2312 232 2350 qni
255 2323 289 2342 se
316 2323 423 2352 genere
446 2314 606 2355 proximoj
621 2324 688 2343 esse
711 2314 826 2349 dicunt,
842 2325 875 2344 re

181 2354 250 2393 ipsa
263 2354 402 2384 inimicos
417 2365 483 2385 sese
499 2357 699 2394 praebuerunt,
710 2357 761 2386 sed
778 2357 828 2395 qui
845 2357 875 2386 in

181 2396 401 2427 aeternitatibus
426 2397 584 2428 amiciores
601 2409 634 2429 se
657 2399 875 2438 praestiterunt,

183 2449 271 2478 quam
289 2439 348 2478 ipsi
370 2440 501 2479 cognati.
519 2440 602 2481 (ις’.)
625 2442 709 2471 Beue
733 2441 824 2480 igitur
845 2448 876 2472 et

181 2486 265 2511 recte
281 2482 344 2521 egit
362 2483 598 2520 Tlirasyiochus,
618 2484 667 2522 qui
685 2484 789 2513 amicis
809 2495 876 2522 gra·

182 2524 255 2562 tiam
271 2523 387 2560 retulit,
406 2524 478 2554 milii
493 2535 623 2555 sororem
646 2536 729 2555 suam
750 2536 874 2556 uxorem

182 2565 280 2601 dedit,
295 2577 403 2606 meque
417 2568 504 2596 matri
526 2577 587 2597 snae
607 2569 776 2607 adoptavit,
792 2570 873 2599 ideo-

183 2618 241 2647 que
255 2609 391 2647 cognatis
406 2620 462 2638 non
475 2620 557 2639 suam
568 2611 663 2640 solum
676 2621 736 2641 rem
749 2612 874 2641 familia-

183 2651 321 2686 retn,sed
339 2651 428 2681 etiam
445 2662 540 2682 meam
556 2653 690 2682 tradidit.
710 2653 788 2693 (ιζ’.)
810 2655 876 2684 Nec

183 2693 323 2732 indignus
336 2705 428 2730 eram,
439 2695 490 2732 qni
502 2695 581 2724 fliius
591 2696 795 2734 Tbrasyiocbo
804 2698 875 2727 ado-

184 2741 294 2776 ptarer,
317 2747 406 2775 quum
433 2738 562 2775 majores
579 2737 638 2766 mei
659 2743 690 2767 et
714 2749 822 2776 genere
846 2745 876 2769 et

184 2779 294 2817 opibus
303 2784 332 2808 et
348 2779 443 2818 gratia
452 2779 602 2819 principes
613 2781 745 2810 civitatis
756 2782 876 2816 fuerint,

184 2830 313 2859 egoque,
323 2822 380 2851 etsi
395 2821 561 2851 vilissimus
571 2822 682 2852 civium
695 2825 876 2861 essem‚jure

184 2868 295 2899 tamen.
328 2865 368 2894 ob
397 2865 506 2894 collata
534 2865 563 2894 in
598 2865 694 2904 ipsum
724 2866 878 2902 beneficia,

185 2905 315 2935 maxima
337 2917 461 2946 qumque
481 2908 518 2936 ab
534 2918 569 2937 eo
585 2918 682 2937 essem
707 2914 877 2939 essecutus.

186 2946 267 2987 (ιη’.)
291 2949 428 2979 Arbitror
451 2955 561 2985 autent,
576 2956 608 2980 et
632 2951 772 2989 Sopolidt
793 2952 875 2981 fratri

186 2990 242 3019 hoc
266 2995 444 3024 testamento
468 3003 530 3023 rem
554 2993 754 3032 gratissimam
769 2994 875 3025 tactam

1089 873 1101 892 ²
1122 873 1322 904 κινδυνεύσωσιν
1335 876 1372 904 Α.
1389 875 1422 905 L.

899 966 979 992 esse,
1003 957 1054 995 qui
1077 962 1107 986 et
1130 958 1194 996 ipse
1216 958 1303 986 istam
1330 958 1445 993 oderat,
1472 957 1589 996 sibique

899 999 975 1028 mate
993 1000 1070 1028 velie
1087 1000 1278 1029 existimabat
1293 1005 1323 1029 et
1337 1010 1383 1030 me
1397 1001 1474 1030 inter
1487 1010 1590 1037 omnes

899 1042 1010 1070 amicos
1023 1042 1144 1070 maximi
1157 1042 1297 1070 faciebat.
1341 1043 1408 1080 Ego
1418 1042 1495 1071 enim
1508 1042 1589 1071 ilium

899 1083 1086 1112 vulneratum
1110 1093 1149 1112 ex
1174 1084 1238 1113 acie
1261 1084 1432 1122 deportavi,
1453 1084 1504 1113 itta
1519 1094 1591 1113 vero

899 1131 967 1164 post
983 1130 1139 1163 acceptum
1160 1126 1198 1154 de
1215 1125 1297 1154 obitu
1313 1127 1378 1164 ejus
1397 1126 1529 1164 nuntium
1545 1137 1592 1155 sa-

900 1167 1049 1196 crificabat
1062 1173 1091 1196 et
1106 1168 1184 1197 diem
1195 1168 1301 1197 festum
1312 1169 1493 1198 celebrabat.
1513 1167 1594 1208 (ιδ’.)

899 1211 940 1239 At
967 1210 1093 1240 tortasse
1125 1210 1238 1246 dicent,
1269 1211 1472 1250 Thrasyllum,
1502 1210 1593 1249 istius

900 1251 1033 1281 mulieris
1046 1258 1174 1292 patrem,
1190 1253 1213 1281 si
1230 1253 1297 1291 quis
1314 1264 1418 1283 sensus
1433 1254 1471 1282 sit
1486 1253 1593 1282 defun-

901 1295 956 1324 ctis
972 1305 1081 1331 rerum,
1095 1306 1162 1333 quae
1186 1294 1235 1329 iiic
1259 1300 1410 1333 gerantur,
1425 1296 1593 1335 indignatu-

901 1347 964 1366 runi
985 1348 1063 1372 esse,
1084 1338 1107 1366 si
1125 1338 1236 1367 viderit
1255 1338 1343 1367 filiam
1360 1338 1524 1368 hereditate
1541 1348 1594 1367 sua

901 1379 1064 1409 fraudatam
1081 1384 1112 1409 et
1134 1390 1181 1409 me
1199 1381 1339 1410 heredem
1361 1381 1475 1411 facturis
1493 1390 1593 1410 earum

902 1432 1004 1460 opum,
1027 1433 1100 1460 quas
1121 1422 1188 1462 ipse
1209 1424 1404 1461 comparavit.
1431 1421 1499 1463 (κ’.)
1527 1424 1593 1462 Ego

902 1474 975 1493 vero
999 1466 1138 1500 arbitror,
1159 1466 1357 1504 Thrasyloohi
1382 1471 1495 1504 patrem
1512 1465 1594 1504 Jndi-

901 1517 965 1536 cem
979 1508 1108 1536 omnium
1124 1508 1301 1537 acerrimum
1316 1509 1390 1543 fore,
1405 1509 1432 1537 si
1446 1509 1593 1547 intellige·

902 1553 957 1584 ret,
970 1549 1102 1587 qualisin
1119 1550 1230 1581 liberos
1241 1550 1336 1588 ipsius
1346 1561 1381 1579 ea
1395 1549 1494 1586 fuerit,
1509 1547 1593 1581 ideo-

903 1601 961 1630 que
991 1594 1089 1622 animo
1115 1593 1202 1630 longe
1229 1593 1376 1632 iniquiore
1403 1593 1542 1628 iuturum,
1568 1594 1593 1631 si

904 1639 1110 1664 testamentum
1135 1635 1251 1664 videret
1273 1646 1288 1664 a
1313 1635 1372 1664 filio
1396 1646 1450 1666 suo
1473 1636 1593 1671 factum,

902 1676 1019 1706 irritum
1036 1677 1108 1710 fieri,
1123 1678 1172 1716 qui
1196 1688 1254 1706 non
1273 1688 1346 1707 rneae
1362 1678 1481 1708 famittae
1501 1678 1593 1707 tacul-

905 1724 980 1749 tates
996 1730 1064 1749 suas
1078 1720 1211 1754 tradidit,
1228 1721 1280 1750 sed
1294 1731 1339 1749 me
1353 1721 1381 1749 in
1398 1731 1479 1750 suam
1495 1721 1591 1760 ipsius

903 1762 1042 1791 familiam
1064 1762 1229 1802 adoptavit.
1279 1763 1431 1792 Praeterea
1451 1763 1591 1800 Thrasyl-

904 1804 952 1833 ius
973 1810 1058 1842 pater
1079 1806 1142 1842 ipse
1167 1806 1308 1844 pecunias
1331 1806 1448 1844 accepit
1464 1816 1482 1844 a
1503 1805 1591 1842 E'oie-

905 1851 1042 1880 maenetu.
1057 1857 1112 1876 non
1124 1848 1192 1885 jure
1203 1847 1399 1886 cognationis,
1416 1848 1468 1878 sed
1480 1849 1593 1879 ratione

904 1889 1036 1918 virtutis.
1060 1888 1149 1928 (ud.)
1167 1890 1228 1919 Ine
1243 1891 1310 1928 ipse
1321 1895 1451 1929 nostram
1464 1891 1596 1921 necessi-

905 1932 1038 1960 tudinem
1055 1932 1127 1960 tanti
1145 1932 1228 1966 fecit,
1242 1939 1273 1962 nt
1288 1933 1380 1970 patris
1393 1933 1450 1962 mei
1471 1938 1500 1963 et
1514 1944 1596 1963 soro-

905 1984 967 2003 rem
990 1979 1020 2003 et
1039 1974 1244 2003 consobrinam
1266 1975 1399 2005 duxerit.
1421 1975 1512 2014 (ιβ’.)
1534 1977 1596 2007 lta-

906 2026 976 2054 que,
991 2018 1016 2046 si
1031 2016 1104 2046 mihi
1125 2017 1369 2055 adjudicaveritis
1387 2017 1596 2055 hereditatem,

905 2069 966 2087 rem
985 2065 1097 2096 gratam
1115 2059 1231 2089 facietis
1246 2063 1276 2089 et
1291 2060 1336 2089 iiii
1352 2065 1382 2090 et
1395 2060 1519 2100 reliquis
1535 2072 1597 2091 om-

905 2101 1005 2136 nibus,
1020 2102 1057 2131 ad
1069 2111 1144 2139 quos
1157 2102 1220 2131 haec
1230 2103 1350 2142 negotiu
1359 2103 1459 2142 aliqua
1467 2114 1505 2133 ex
1514 2109 1599 2142 parte

907 2144 1041 2173 attinent.
1085 2145 1232 2174 Convenit
1244 2151 1272 2174 et
1285 2156 1338 2175 vos
1354 2156 1417 2175 eam
1433 2145 1531 2184 legem
1546 2147 1598 2176 de-

906 2187 1040 2220 fendere,
1056 2197 1110 2225 per
1131 2197 1217 2225 quam
1247 2188 1333 2217 nobis
1348 2194 1378 2217 et
1392 2188 1504 2218 liberos
1525 2189 1598 2219 ado-

908 2235 993 2268 ptare
1017 2229 1088 2258 licet
1108 2235 1137 2258 et
1159 2230 1196 2259 de
1218 2231 1328 2260 nostris
1346 2231 1472 2260 fortunis
1495 2237 1598 2262 nostro

907 2271 1053 2301 arbitratu
1064 2276 1206 2307 statuere,
1217 2272 1395 2309 cogitantes,
1410 2274 1485 2303 hanc
1499 2275 1596 2313 legem

908 2314 990 2343 orbis
1001 2314 1168 2344 hominibus
1178 2316 1244 2344 ioco
1255 2316 1416 2346 liberorum
1425 2317 1599 2358 esse-(xyst)

908 2356 1104 2386 Considerate
1131 2357 1257 2396 deniqne
1284 2358 1410 2396 primum
1437 2357 1597 2389 amicitiam

908 2408 1004 2429 meam
1019 2409 1092 2437 erga
1103 2399 1186 2435 illos,
1197 2400 1248 2438 qui
1263 2401 1459 2431 hereditatem
1469 2402 1598 2441 retique-

907 2447 985 2476 rnnt,
1000 2451 1017 2470 a
1033 2442 1168 2481 patribus
1192 2448 1344 2482 acceptam
1361 2448 1390 2473 et
1416 2443 1478 2474 sine
1503 2445 1594 2474 inter-

907 2483 1050 2513 missione
1079 2485 1116 2514 ad
1143 2485 1232 2515 finem
1259 2484 1453 2523 perductam,
1486 2486 1596 2517 deinde

908 2527 1001 2555 muita
1017 2532 1047 2556 et
1063 2537 1167 2567 magna
1186 2528 1330 2565 beneficia
1342 2534 1373 2558 et
1387 2529 1415 2558 in
1431 2529 1514 2565 inus,
1525 2530 1598 2560 dum

909 2569 1074 2598 caiamitosi
1105 2574 1199 2605 erant,
1234 2571 1352 2606 collata,
1389 2574 1598 2602 testamentum

907 2617 1054 2650 praeterea
1075 2614 1113 2641 ab
1136 2613 1214 2651 ipsis
1230 2613 1414 2645 adversariis
1435 2624 1491 2645 non
1507 2625 1597 2654 nega-

907 2659 987 2692 tum;
1010 2654 1107 2693 legem
1124 2655 1250 2694 denique
1261 2655 1333 2685 huic
1344 2661 1522 2687 testamento
1537 2658 1597 2687 sus-

908 2697 1069 2736 fragantem
1085 2702 1115 2727 et
1131 2698 1247 2727 Graecis
1270 2699 1408 2728 omnibus
1431 2700 1597 2739 probatum.

908 2739 972 2768 Vos
988 2739 1081 2778 igitur
1096 2750 1159 2776 oro,
1176 2745 1208 2770 ut
1218 2742 1302 2780 justa
1311 2746 1343 2771 et
1357 2751 1442 2780 aequa
1456 2743 1598 2771 decerna-

909 2782 960 2817 tis,
972 2788 1002 2811 et
1011 2783 1086 2813 tales
1097 2783 1168 2813 mihi
1181 2783 1248 2814 sitis
1256 2783 1500 2823 judices,quaies
1511 2784 1597 2813 vobis

909 2824 984 2854 aiios
1009 2835 1077 2855 esse
1107 2825 1246 2864 cupiatis.
1274 2827 1320 2856 LA
1328 2837 1385 2857 Nc.
1440 2827 1598 2865 Ignoratur

911 2877 970 2905 quo
996 2874 1130 2906 tempore
1155 2870 1218 2899 baeo
1247 2869 1342 2899 oratio
1363 2868 1477 2907 scripta
1499 2869 1598 2899 fuerit.

911 2911 1046 2941 Ancum
1521 2928 1523 2930 ·

954 2952 1063 2994 Λῦτάς]
1086 2954 1161 2984 Scit.
1176 2953 1321 2987 διαθήκας.
1347 2955 1454 2984 Lino.
