1924 3314
500 223 584 266 DE
613 223 910 267 TEMPORE
940 223 1332 266 PANEGYRICI.
1555 221 1632 261 155

189 334 391 374 detrahere
412 337 582 385 velimus,
605 346 817 389 temporum
843 338 981 377 rationi
1009 338 1128 375 multo
1149 337 1284 374 melius
1304 336 1493 380 convenit,
1514 348 1629 385 quam

188 397 294 446 quod
318 397 534 436 Fabricius⁶
554 406 592 437 et
620 413 741 450 nuper
769 400 1015 438 doctissimus
1044 399 1232 448 nobisque
1251 397 1501 435 amicissimus
1521 396 1631 433 Schi-

187 458 358 496 rachius⁷
381 459 623 509 judicarunt,
658 462 867 499 innotuisse
893 461 1168 511 Panegyricum
1198 461 1297 497 intra
1317 459 1477 509 Olymp.
1501 458 1626 495 XCII.

187 526 226 557 et
245 520 388 559 XCVI.

219 582 372 620 ,Nihilo
392 584 513 621 minus
533 585 610 621 duo
631 583 812 621 videntur
831 582 1029 621 sententia:
1052 588 1191 619 nostrae
1223 580 1369 631 opponi
1396 592 1519 629 posse,
1540 590 1627 628 quae

186 642 216 680 si
237 643 372 682 tollere
392 657 635 693 nequeamus,
657 658 843 690 veremur,
876 651 917 681 ut
943 644 991 681 de
1025 650 1197 692 tempore
1227 640 1451 691 Panegyrici
1480 639 1627 689 aliquid

186 705 420 743 constituere
451 707 580 743 liceat.
636 707 736 744 Nam
767 707 946 757 primum,
966 718 1053 755 quae
1074 705 1262 742 Isocrates
1285 716 1371 753 cap.
1393 703 1563 740 XXXV.
1582 702 1630 739 de

189 765 387 816 Olynthiis
409 773 447 804 et
466 767 636 818 Amynta
663 775 805 813 narrat,
832 781 876 805 ea
908 767 1098 804 Diodorus
1131 765 1305 803 Siculus⁸
1334 766 1370 802 in
1402 764 1516 802 rebus
1542 764 1631 800 anni

188 827 345 864 secundi
375 828 534 878 Olymp.
555 828 705 864 XCIX.
733 828 1061 872 commemoravit,
1090 826 1356 863 consentiente
1386 824 1637 862 Dodwello:⁹

189 900 276 936 quae
297 888 490 925 Isocrates
519 888 661 925 ibidem
695 896 829 925 contra
861 888 1050 925 Phliasios
1079 887 1160 936 jam
1191 886 1294 923 sacta
1325 886 1434 930 dicit,
1466 899 1510 923 ea
1535 886 1633 922 idem

187 948 380 985 Diodorus
401 948 535 986 eodem
557 948 644 985 loco
664 955 702 985 et
722 949 770 985 de
791 948 924 985 eodem
947 954 1134 997 tempore,
1156 960 1234 996 quo
1253 946 1466 996 superiora,
1488 947 1606 982 tradit
1625 961 1634 988 ;

186 1022 406 1059 quanquam
434 1009 688 1054 Dodwellus‚¹
716 1010 904 1059 probante
931 1009 979 1045 ad
1012 1007 1120 1045 illum
1148 1007 1309 1045 Diodori
1337 1008 1463 1044 locum
1486 1007 1635 1043 wesse-

184 1070 316 1119 lingio,
341 1075 428 1120 post
449 1070 610 1120 Olynthi
630 1071 952 1120 expugnationem
981 1069 1052 1107 sub
1074 1069 1358 1119 initia'Olymp.
1381 1068 1426 1105 C.
1449 1067 1636 1104 Phliasios

140 1145 151 1154 s
183 1130 364 1169 subactos
382 1136 507 1181 putat.
530 1131 713 1169 Similiter
730 1132 964 1182 expugnatio
981 1131 1164 1169 Cadmeae
1186 1131 1376 1169 recentior
1399 1130 1633 1180 Panegyrico

184 1192 277 1230 est.²
329 1193 428 1230 Tum
452 1192 490 1230 in
512 1193 728 1231 Calvisiano
755 1207 872 1244 opere
899 1194 1189 1244 chronologico,
1220 1199 1260 1230 et
1288 1193 1351 1229 illa
1374 1192 1632 1242 Scaligeriana

185 1253 354 1303 ἱστοριῶν
383 1259 600 1307 συναγωγῇ,
626 1269 712 1305 quae
741 1262 799 1293 est
827 1256 864 1292 in
884 1256 1081 1293 Thesauro
1103 1255 1354 1305 temporum,³
1384 1254 1476 1290 nihil
1498 1255 1630 1292 horum

184 1321 272 1352 ante
294 1314 451 1366 Olymp.
474 1316 624 1353 XCIX.
645 1323 710 1353 aut
731 1317 776 1354 C.
798 1317 965 1365 ponitur.
1023 1316 1203 1354 Secunda
1225 1315 1434 1353 difficultas
1457 1315 1539 1352 liaec
1560 1323 1630 1353 est.

184 1375 377 1414 Isocrates
408 1390 444 1414 c.
481 1377 676 1414 XXXIX.
714 1377 852 1414 bellum
885 1379 1108 1415 Artaxerxis
1137 1384 1270 1414 contra
1308 1377 1523 1426 AEgyptios,
1549 1376 1629 1424 jam

182 1435 346 1483 finitum,
368 1438 547 1476 notandis
565 1439 706 1476 ducum
728 1438 946 1476 nominibus
978 1447 1015 1476 et
1040 1440 1143 1476 exitu
1166 1441 1222 1476 sic
1244 1438 1442 1482 describit,
1465 1445 1503 1474 nt
1525 1438 1630 1482 illud,

181 1498 230 1535 de
268 1511 348 1549 quo
387 1499 608 1537 Diodorus⁴
644 1507 822 1537 accurate
858 1501 951 1549 egit,
992 1501 1153 1550 intelligi
1194 1500 1349 1537 debeat.
1407 1500 1524 1549 Atqui
1558 1500 1629 1536 hoc

180 1572 319 1610 magno
353 1560 674 1608 chronologorum
715 1574 903 1598 consensu
951 1575 996 1598 ex
1045 1561 1205 1598 Diodori
1246 1563 1474 1599 auctoritate
1513 1561 1626 1598 finem

180 1621 316 1659 habuit
335 1621 494 1671 Olymp.
517 1621 583 1659 CI.
604 1635 703 1658 anno
725 1623 855 1659 tertio.
912 1622 962 1659 Et
993 1623 1079 1671 quis
1112 1623 1264 1659 tandem
1301 1624 1384 1660 haec
1417 1622 1624 1673 expediat?

178 1682 458 1733 Panegyricum
485 1690 591 1720 sexto
620 1683 677 1720 vel
699 1683 862 1732 septimo
882 1695 983 1720 anno
1003 1683 1108 1729 belli,
1128 1697 1146 1720 a
1176 1685 1298 1721 Persis
1323 1692 1455 1720 contra
1478 1685 1627 1734 Evago-

177 1755 255 1780 ram
288 1743 402 1793 gesti,
432 1743 614 1793 prodiise,
640 1744 711 1780 hoc
745 1751 814 1788 est,
843 1744 1001 1794 Olymp.
1029 1744 1196 1781 XCVll.
1219 1745 1279 1782 vel
1299 1745 1484 1782 XCVIIl.
1508 1745 1628 1781 nihilo

178 1805 299 1842 minus
319 1805 356 1842 in
376 1818 423 1842 eo
445 1805 557 1850 tradi,
581 1818 668 1854 quae
690 1805 725 1842 in
748 1806 905 1855 Olymp.
928 1805 1073 1843 XCIX.
1095 1807 1141 1843 C.
1162 1812 1199 1843 et
1220 1806 1286 1843 CI.
1311 1806 1494 1843 incidant.
1527 1807 1624 1843 Nam

176 1866 240 1904 ille
261 1867 368 1904 locus
387 1867 584 1912 Isocratis,
605 1879 718 1916 quem
743 1866 947 1905 classicum
967 1867 1144 1913 diximus,
1166 1867 1219 1904 ita
1247 1875 1373 1905 certus
1395 1875 1451 1904 est
1474 1875 1512 1904 et
1540 1880 1625 1916 per-

177 1927 347 1977 spicuus,
367 1933 422 1972 ut,
440 1928 470 1964 si
491 1927 576 1977 quis
598 1928 646 1964 de
668 1927 761 1964 vitio
782 1928 939 1977 cogitet,
964 1941 1011 1965 ne
1036 1929 1192 1978 reperiri
1215 1928 1370 1978 quidem
1395 1929 1516 1977 possit
1537 1941 1625 1978 pro-

178 1988 297 2026 babili
329 1988 567 2037 conjectura‚
601 2002 668 2026 cur
699 1989 812 2026 alicui
841 1990 878 2026 in
904 1996 1070 2027 mentem
1105 1989 1251 2026 venerit
1284 1988 1379 2026 illud
1407 1988 1473 2034 ἤδη
1505 1990 1538 2034 ἓξ
1563 1990 1624 2036 ἔτη

177 2062 332 2100 ponere.
392 2049 604 2087 Diodorum
625 2056 768 2095 autem,
788 2051 1096 2088 consentientem
1115 2049 1194 2088 fere
1211 2050 1472 2099 chronologiae
1494 2051 1624 2087 Xeno-

176 2111 371 2160 phonteae‚
394 2117 549 2160 tamque
583 2111 795 2148 studiosum
829 2112 866 2148 in
900 2112 1080 2149 notandis
1106 2113 1285 2157 numeris,
1305 2118 1344 2148 et
1373 2125 1458 2149 cum
1487 2125 1532 2149 eo
1566 2125 1625 2149 re-

176 2173 364 2210 centiores
402 2172 673 2223 chronologos,
703 2173 945 2224 negligentiae
978 2173 1194 2223 errorisque
1234 2173 1271 2209 in
1305 2173 1407 2209 omni
1434 2173 1495 2210 illa
1528 2173 1624 2210 serie

176 2247 420 2272 numerorum
439 2246 596 2285 arguere
617 2235 725 2280 velle,
747 2236 986 2273 temerarium
1008 2235 1134 2273 fuerit.
1192 2235 1439 2284 Relinquitur
1459 2247 1563 2284 erge,
1584 2242 1626 2272 ut

176 2296 235 2334 vel
255 2309 452 2347 negemu8‚
475 2296 585 2334 nobis
605 2297 653 2335 de
684 2303 764 2334 tota
787 2310 826 2334 re
858 2304 1048 2342 constare,
1070 2309 1157 2347 quae
1189 2302 1229 2333 ut
1258 2302 1314 2334 est
1340 2309 1441 2346 saepe
1465 2297 1625 2334 honesta

175 2357 385 2403 excusatio,
405 2357 458 2396 ita
477 2357 597 2395 videri
627 2364 755 2408 potest
785 2358 976 2396 interdum
1007 2357 1200 2396 occultare
1231 2357 1387 2395 taedium
1421 2359 1621 2407 quaerendi

175 2425 214 2456 et
232 2418 449 2469 cogitandi;
481 2420 544 2465 vel
559 2420 767 2457 Isocratem
784 2420 936 2458 duobus
957 2420 1051 2457 locis
1071 2419 1346 2470 interpolatum
1366 2419 1617 2469 suspicemur.

175 2480 219 2518 Id
239 2488 368 2519 autem
397 2481 451 2519 sic
479 2480 764 2531 intelligendum
786 2489 856 2527 est,
877 2495 923 2519 ex
945 2495 978 2519 c.
1002 2481 1167 2518 XXXV.
1186 2481 1391 2519 tollendam
1413 2494 1496 2518 esse
1518 2481 1616 2519 hanc

175 2542 402 2592 particulam
419 2556 429 2580 z
451 2543 527 2581 Καὶ
547 2546 613 2589 τὴν
631 2541 809 2590 Θηβαίων
824 2543 1018 2594 Καδμείαν
1033 2541 1239 2589 κατέλαβον
1257 2567 1302 2572 -
1315 2565 1368 2570 —
1383 2547 1431 2594 τῷ
1446 2542 1615 2580 ὒίακεὲό-

177 2619 248 2642 νων
266 2602 434 2652 βασιλεῖ,
455 2617 500 2642 ex
532 2617 568 2641 c.
595 2604 789 2642 XXXIX.
811 2612 935 2642 totum
973 2604 1074 2642 hunc
1103 2604 1253 2642 locum:
1282 2604 1362 2643 Οὔκ
1390 2605 1522 2647 ἐκεῖνος
1547 2604 1616 2655 μὲν

175 2665 232 2702 ἐπὶ
252 2666 316 2704 τὸν
334 2667 496 2717 πόλεμον
517 2688 630 2695 --—
644 2672 716 2703 τῶν
735 2668 878 2716 ὁμόρων
897 2668 1015 2712 ζητεῖν
1034 2665 1220 2717 ἐπάρχειν.
1279 2667 1428 2716 Nempe
1449 2672 1616 2703 attentus

178 2725 225 2763 ad
260 2726 454 2764 historiam
476 2726 654 2764 Graecam
688 2726 807 2764 lector
845 2727 928 2764 liaec
959 2726 1178 2765 Isocraticae
1216 2727 1422 2765 narrationi
1451 2726 1616 2772 addidit,

181 2799 267 2837 quae
296 2787 413 2825 sciret
431 2786 567 2838 pdstea
597 2788 781 2825 evenisse.
839 2788 980 2825 verum
1011 2788 1121 2826 simul
1146 2801 1192 2827 ac
1224 2789 1366 2840 cogito,
1392 2789 1430 2826 in
1460 2789 1546 2826 loco
1567 2788 1614 2824 de

221 2884 234 2904 ⁶
260 2887 337 2917 Bibl.
353 2889 406 2917 Gr.
423 2887 492 2918 Lib.
510 2888 556 2918 II.
572 2897 598 2917 o.
616 2889 667 2918 26.
960 2890 967 2908 ¹
995 2888 1073 2919 ibid.
1089 2889 1115 2929 §.
1128 2891 1181 2920 31.
1352 2904 1362 2916 ι

223 2927 236 2947 7
261 2930 378 2968 Πίιψυι.
392 2932 430 2960 de
447 2932 593 2965 Isocrate,
607 2931 633 2970 §.
649 2932 679 2960 7.
697 2941 727 2970 p.
744 2933 795 2962 23.
958 2930 971 2948 ²
992 2931 1064 2961 vid.
1083 2932 1234 2962 Dodwell.
1249 2931 1270 2960 l.
1287 2941 1314 2961 o.
1332 2931 1358 2970 ᾗ.
1374 2933 1425 2961 29.

226 2972 238 2991 ⁸
262 2972 295 3001 1..
312 2973 382 3002 XV.
399 2984 429 3013 p.
450 2976 499 3003 17.
957 2973 970 2992 ³
995 2974 1068 3013 Peg.
1084 2977 1157 3006 3⁶24.

225 3011 238 3030 ⁹
259 3014 401 3045 chronol.
419 3016 558 3056 Xenoph.
576 3017 603 3056 ς.
621 3019 673 3047 29.
958 3016 970 3034 ⁴
996 3017 1061 3047 bib.
1078 3018 1153 3047 XV.
1169 3028 1200 3057 p.
1216 3019 1267 3048 33.
