1914 3314
233 204 361 257 602Κ
704 207 1184 252 ΙΣΟΚΡΑΤΟΎΣ

237 322 539 390 δικογραφιοιν,
566 342 642 371 κοιι
675 317 998 405 παραπλήσιον
1031 342 1263 376 ποιουντοις
1297 316 1432 387 ὥςπερ
1452 319 1506 371 οἳν
1533 343 1567 371 ει
1596 342 1663 376 τις

237 394 412 449 Φειδίαν
456 417 527 445 τον
571 417 622 445 το
669 416 748 451 της
787 391 980 453 Αθηνᾶς
1022 390 1165 450 eclog'
1151 414 1442 481 εξιγοισαμενον
1485 394 1664 462 τολμῴη

238 478 392 522 καλεῖν
427 463 714 559 κοροπλάθον,
745 466 771 526 ἢ
805 463 986 530 1Ζεῦξιν
1029 489 1106 517 και
1141 463 1384 540 Ποιρἑιοὲο-ιον
1421 464 1495 525 τὴν
1532 489 1666 525 αυτην

240 566 353 609 εχειν
379 540 486 604 φοιιή
519 539 704 605 2τεχνην
732 548 820 597 τοῖς
851 538 913 590 τοὶ
937 537 1147 595 πινάκια
1156 541 1415 630 γράφουσιν,
1440 536 1555 606 ’ὅμως
1580 535 1668 589 οὐδε

239 637 422 669 πωποτε
459 637 538 668 την
552 612 856 704 μικρολογιοιν
888 611 1053 674 ταύτην
1086 612 1311 682 ἦμυνοέμην
1346 634 1506 674 αυτων,
1540 610 1667 676 ’57⁰⁶-

239 712 360 760 μενος
390 688 475 746 τοὶς
507 710 585 755 μεν
622 685 785 738 ἐκείνων
818 683 1036 753 φλυαρίας
1073 685 1276 756 οὐδεμίαν
1311 683 1483 754 ὃυνοιμιν
1506 681 1710 749 3ἕχειν,ο

242 786 378 820 οιυτος
412 759 453 813 δε
481 760 606 812 ποῖα-ι
635 783 763 812 τουτο
790 782 1068 820 πεποιηκενοει
1099 778 1291 833 φανερον,
1329 757 1395 810 ὅτι
1430 755 1674 849 προῄρημαι

244 861 321 889 κοιι
343 837 485 901 λεγειν
506 858 584 885 και
604 835 783 925 ’γράφειν
806 833 852 884 ου’
875 853 985 908 περι
999 857 1082 884 των
1103 831 1214 884 ι’διων
1237 830 1547 902 συμβολαιων,
1565 829 1674 882 ἀλλ’

242 907 348 1002 ὑπερ
379 907 645 971 τηλικούτων
684 932 734 959 το
773 904 966 973 μεγεθος
1004 930 1081 958 κοιι
1125 906 1324 958 τοιούτων
1374 905 1676 975 πραγμάτων,

242 981 408 1059 ὑπερ
376 1007 427 1034 ων
456 980 647 1040 οὖὸεις
613 990 668 1033 ἄν
692 979 837 1038 ἄλλος
870 978 1177 1055 ἓπιχειξησειε,
1205 979 1322 1041 πλην
1353 1004 1437 1031 των
1465 977 1558 1048 ἔμοι
1593 1000 1678 1030 πε-

244 1053 564 1120 πλησιακοτων
598 1055 625 1116 ἠ
658 1078 742 1105 των
767 1077 941 1113 τουτους
963 1055 1206 1124 μιμεῖσθαι
1231 1051 1518 1123 βουλομενων.
1545 1075 1676 1126 μεχρι
1696 1064 1720 1102 d

243 1146 256 1165 ¹
276 1145 451 1184 ΖεύξιδαΑ.
465 1143 504 1176 C.
519 1144 556 1174 L.
727 1141 860 1184 2τὲχγηι
874 1141 940 1182 φαίη
959 1143 998 1173 A.
1016 1143 1053 1173 C.
1069 1143 1107 1172 L.
1329 1141 1403 1183 ἔχειν
1416 1141 1531 1181 δύναμιν
1546 1140 1586 1171 A.
1599 1140 1636 1171 C.
1647 1139 1681 1169 L.

248 1219 281 1244 ut
292 1214 479 1254 principatus
493 1217 663 1241 nosternon
681 1209 837 1250 tyrannico
854 1209 949 1249 impe·

247 1257 306 1291 rio,
321 1257 374 1286 sed
391 1254 690 1286 Lacedaemoniorum
713 1262 819 1290 regum
844 1252 888 1281 illi
909 1253 950 1281 si-

249 1299 330 1328 milis
345 1299 395 1333 sit,
408 1309 459 1336 qur
469 1308 544 1327 suos
561 1306 693 1330 servare,
707 1304 764 1324 non
780 1295 951 1343 opprimere

250 1342 361 1376 solent,
368 1341 496 1379 indeque
509 1339 589 1378 apud
601 1339 684 1368 cives
698 1347 770 1367 suos
783 1337 811 1366 in
821 1337 952 1366 maximo

250 1385 362 1414 honore
377 1389 409 1413 et.
433 1392 534 1413 amore
559 1385 639 1411 sunt.
670 1379 812 1411 Juniores
830 1389 900 1408 vero
923 1384 954 1408 et

251 1437 306 1466 per
319 1432 440 1456 aetatem
461 1425 623 1454 alacriores
648 1423 676 1452 in
705 1424 762 1452 fine
787 1431 905 1456 moneo,
922 1426 954 1450 ut

252 1480 288 1499 ea
316 1469 421 1499 dicant
444 1472 474 1498 et
500 1467 642 1501 scribant,
673 1465 781 1504 quibus
806 1465 954 1493 maximas

253 1511 393 1542 civitates
410 1511 477 1540 aliis
492 1510 570 1540 mala
584 1509 695 1538 inferre
713 1507 816 1536 solitas
841 1507 878 1535 ad
895 1506 955 1536 vir-

253 1559 348 1584 tutem
364 1559 394 1583 et
414 1553 563 1591 justitiam
587 1551 796 1584 adhortentur,
820 1548 956 1587 cogitan-

254 1603 313 1632 tes,
329 1606 346 1625 a
368 1595 518 1625 communi
546 1596 721 1623 Graecorum
748 1591 843 1621 salute
872 1601 955 1621 suam

254 1649 372 1678 quoqne
386 1638 519 1677 ipsorum
533 1646 709 1675 prosperam
719 1635 865 1664 fortunam
882 1644 956 1672 pen-

255 1682 337 1711 dere.
368 1678 423 1721 (κέ
425 1679 452 1719 .)
476 1679 588 1709 Verum
612 1684 644 1707 ut
668 1677 778 1707 clarius
802 1677 892 1706 etiam
908 1677 959 1706 fiat

256 1724 355 1758 vobis,
371 1733 476 1752 omnes
491 1732 572 1751 meas
587 1720 739 1750 orationes
757 1719 794 1749 ad
815 1719 957 1748 virtutem

256 1771 288 1797 et
305 1765 453 1805 justitiam
481 1765 617 1799 tendere,
634 1773 672 1792 ex
697 1763 787 1792 tertia
803 1763 904 1797 etiam,
920 1763 959 1791 de

255 1809 336 1849 regis
359 1807 456 1838 officio
478 1808 514 1836 ad
540 1806 696 1837 Nicoclem
717 1805 843 1843 scripta,
864 1815 959 1843 pauca

256 1851 393 1891 quaedam
417 1849 554 1879 recitato.
592 1848 725 1887 Singulis
754 1847 960 1885 separatisque

258 1893 434 1934 praeceptis,
445 1903 462 1923 e
477 1892 585 1930 quibus
601 1891 662 1920 ista
675 1890 772 1919 oratio
784 1894 913 1923 constat,
930 1895 961 1919 et

258 1947 318 1976 quo
329 1936 367 1966 ab
374 1935 443 1965 aliis
453 1934 566 1970 differt,
576 1938 640 1963 tum
651 1932 769 1971 ingenio
781 1932 961 1971 illius-prod-

259 1990 338 2015 esse,
365 1983 426 2009 tum
453 1988 537 2007 meos
561 1976 658 2016 ipsius
680 1986 779 2005 mores
800 1975 962 2005 ostendere

260 2022 356 2052 volui.
388 2021 498 2060 Populi
515 2029 634 2050 causam
651 2029 755 2057 agens,
767 2018 865 2056 ipsam
877 2018 963 2056 regni

261 2064 563 2097 administrationem,
590 2067 735 2101 quantum
767 2061 797 2089 in
821 2070 869 2089 me
893 2061 962 2095 fuit,

262 2118 349 2146 quam
366 2106 547 2136 lenissimam
565 2105 682 2134 efficere
698 2113 819 2142 operam
834 2103 918 2138 dedi,
933 2108 964 2132 et

262 2151 357 2180 libere
373 2150 507 2188 quidem,
529 2147 618 2177 sicuti
630 2147 847 2177 Atheniensem
864 2146 962 2175 civem

263 2194 360 2223 decet.
386 2191 451 2232 (κζ’
453 2191 478 2231 .)
503 2190 688 2229 Postquam
681 2200 709 2219 ru
724 2189 868 2228 prooemio
881 2188 963 2227 prin-

263 2236 359 2274 cipes,
374 2236 412 2264 ob
435 2235 592 2268 minorem,
612 2242 699 2272 quam
721 2242 788 2282 quae
812 2231 961 2260 hominum

264 2278 449 2316 privatorum
475 2287 542 2306 esse
564 2275 653 2311 solet,
689 2274 779 2304 animi
805 2274 964 2309 culturam,

264 2320 456 2359 reprehendi,
477 2319 633 2349 Nicoclem
655 2327 776 2356 moneo,
791 2322 835 2351 ut,
853 2317 965 2355 spretis

265 2362 488 2402 voluptatibus,
509 2363 639 2392 animum
655 2362 744 2390 rebus
769 2359 928 2399 gerendis'
920 2370 964 2388 m·

267 2406 382 2440 tendat,
392 2416 483 2445 quum
496 2410 584 2443 turpe
597 2403 649 2436 sit.
661 2402 817 2433 stultiores
834 2402 964 2441 pruden-

268 2448 397 2478 tioribus
423 2447 581 2487 imperare.
604 2448 622 2465 *
647 2446 667 2464 *
692 2446 710 2464 “
736 2443 826 2486 (κζ’.)
851 2446 965 2475 Vereor

268 2490 402 2529 quidem,
413 2500 522 2520 nemea
531 2487 724 2519 haecdicendi
737 2487 966 2526 intemperantia

267 2533 358 2565 vobis
380 2533 547 2562 molestiam
576 2532 693 2567 afferat,
718 2530 846 2569 ideoque
867 2531 966 2569 plura,

269 2585 337 2615 qnae
352 2574 482 2604 dicenda
496 2575 633 2611 habeam,
648 2574 766 2607 omitto.
782 2573 844 2603 lieri
869 2579 966 2603 tamen

269 2628 327 2648 non
353 2622 466 2656 potest,
483 2617 554 2655 quin
576 2627 672 2656 pauca
695 2616 791 2646 adhuc
809 2616 967 2645 vobiscum

270 2660 427 2690 disseram.
456 2659 541 2701 (κη’.)
574 2659 687 2698 Pungit
709 2669 756 2688 me
783 2659 841 2688 iste
868 2663 969 2689 vester

271 2702 426 2742 sapientire
450 2707 649 2742 contemptuS,
676 2701 902 2741 calumniaeque,
932 2711 968 2731 ne

271 2745 380 2780 dicam,
393 2744 561 2774 admiratio.
594 2744 694 2774 Aliter
708 2754 831 2783 prorsus
840 2745 969 2782 majores

272 2787 367 2818 vestri
379 2786 565 2826 temporibus
575 2786 707 2816 Solonis.
752 2786 801 2816 llli
817 2787 968 2825 sapientes

273 2830 396 2860 summis
427 2829 603 2864 honoribus.
629 2829 871 2864 calumniatores,
904 2834 966 2858 tan-

273 2883 361 2922 quam
373 2872 571 2902 maximorum
584 2871 726 2901 malorum
738 2877 887 2906 auctores,
902 2882 969 2910 gra-

274 2915 408 2946 vissimis
420 2915 517 2954 poenis
527 2914 706 2949 afficiebant,
720 2913 786 2954 (ιβ’.
791 2914 804 2953 )
817 2924 893 2953 quos
906 2920 966 2944 tan·

274 2963 336 2988 turn
364 2958 451 2988 abest
479 2961 512 2987 ut
536 2956 705 2990 imitemini,
730 2962 761 2986 ut
785 2956 873 2986 etiam
900 2956 968 2986 illos

275 3007 411 3039 tanquam
438 3000 551 3030 civium
577 3005 767 3030 accusatores
795 3005 825 3028 et
849 2999 967 3037 legisla-

984 1215 1066 1240 tores
1081 1209 1260 1240 adhibeatis.
1304 1210 1338 1238 In
1356 1218 1446 1238 causa
1466 1214 1536 1238 snut
1555 1210 1682 1247 majores

985 1253 1017 1286 ii,
1034 1253 1086 1291 qui
1104 1258 1238 1290 tempore
1254 1258 1349 1280 auctae
1364 1258 1395 1280 et
1415 1251 1603 1289 amplificatae
1625 1250 1682 1280 rei-

986 1294 1115 1333 publicae
1128 1296 1280 1323 vixerunt.
1314 1294 1370 1322 Isti
1385 1293 1458 1322 viris
1468 1293 1683 1331 praestantibus

987 1342 1018 1366 et
1030 1337 1247 1375 rempublicam
1259 1335 1514 1373 amplificantibus
1526 1337 1565 1364 ob
1577 1340 1683 1374 poten·

987 1379 1057 1408 tiam
1074 1378 1258 1413 invidentes,
1270 1377 1405 1407 homines
1420 1377 1576 1416 improbos
1591 1378 1684 1407 auda—

988 1422 1102 1459 ciaeque
1116 1421 1220 1460 plenos
1230 1431 1352 1450 sammae
1365 1430 1464 1449 rerum
1473 1421 1684 1458 prael'eoerunt,

988 1474 1113 1502 quorum
1137 1473 1235 1501 *opera
1261 1463 1290 1492 in
1318 1463 1449 1492 maxima
1472 1461 1548 1491 mala
1574 1462 1685 1492 civitas

989 1507 1126 1544 conjecta
1149 1511 1206 1541 est,
1223 1507 1265 1534 ita
1287 1509 1322 1534 ut
1343 1509 1440 1534 status
1462 1505 1617 1544 popularis
1639 1504 1687 1533 bis

990 1549 1171 1583 solveretur,
1196 1548 1404 1586 moenibusque
1440 1547 1552 1577 dirutis
1582 1557 1686 1586 parum

991 1593 1124 1625 abesset,
1139 1591 1208 1629 quin
1222 1592 1294 1620 urbs
1310 1594 1506 1620 everteretur.
1551 1589 1624 1631 (λ’.)
1648 1590 1690 1619 At

992 1634 1103 1683 sentin,
1119 1638 1237 1672 tempus
1253 1633 1480 1672 praeterlapsum
1496 1643 1564 1662 esse
1582 1642 1690 1671 ineque

992 1677 1023 1706 in
1039 1677 1146 1714 longos
1161 1682 1191 1706 et
1204 1676 1404 1706 accusationis
1417 1676 1522 1714 plenos
1535 1685 1689 1705 sermones

992 1719 1157 1756 incidisse3
1180 1719 1249 1749 hinc
1265 1718 1385 1749 omissis
1400 1718 1539 1758 reliquis,
1550 1719 1576 1748 si
1593 1727 1690 1757 pauca

993 1763 1145 1800 adjecero,
1174 1762 1261 1791 finem
1291 1761 1396 1791 orandi
1429 1761 1547 1790 faciam.
1596 1759 1689 1801 (λα’.)

994 1805 1142 1842 Equidem
1169 1804 1279 1833 nullam
1305 1814 1368 1833 rem
1395 1803 1466 1832 mihi
1492 1804 1634 1842 praesidio
1655 1812 1691 1832 ac

994 1847 1082 1876 saluti
1096 1857 1168 1876 esse
1184 1846 1265 1882 volo,
1281 1852 1389 1885 praeter
1404 1845 1533 1884 scriptas
1552 1857 1569 1876 a
1591 1856 1638 1876 me
1661 1851 1691 1875 et

995 1890 1084 1918 modo
1104 1889 1245 1918 recitatas
1266 1889 1428 1923 orationes,
1444 1888 1475 1917 in
1495 1889 1604 1928 quibus
1628 1894 1690 1918 tum

995 1932 1033 1960 de
1049 1932 1212 1969 majoribus
1228 1931 1424 1966 nostris-‚tum
1437 1931 1474 1959 de
1486 1932 1546 1960 diis
1561 1932 1693 1970 itajuste

995 1980 1026 2004 et
1041 1980 1142 2003 sancte
1157 1975 1278 2003 locutus
1294 1983 1372 2009 sum,
1385 1973 1579 2012 ut‘qnidquid
1591 1975 1631 2004 de
1647 1984 1693 2003 me

996 2016 1170 2052 statueritis,
1192 2027 1208 2046 e
1227 2017 1352 2045 deorum
1379 2016 1531 2046 voluntate
1553 2020 1693 2055 tanquam

997 2060 1142 2099 optimum
1162 2059 1234 2089 mihi
1259 2064 1435 2088 eventurum
1452 2068 1520 2088 esse
1536 2059 1694 2089 confidam.

997 2103 1108 2132 laxo.
1153 2102 1276 2140 Scripta
1288 2105 1337 2130 est
1351 2101 1416 2130 haec
1429 2101 1525 2130 oratio
1538 2111 1614 2132 anno
1627 2108 1695 2132 ante

997 2145 1150 2175 Christum
1181 2145 1254 2175 355.
1279 2149 1309 2173 et
1339 2143 1486 2173 Isocratis
1514 2144 1614 2174 aetatis
1644 2147 1695 2174 82.

997 2186 1136 2218 Aroan-

1040 2236 1120 2260 ΠΕΡι
1133 2229 1382 2270 ΑΝΤιΔοΣΕΩΣ]
1407 2229 1478 2259 Vid.
1489 2229 1526 2259 F.
1539 2230 1578 2260 A.
1589 2229 1696 2260 Wolfii

999 2274 1122 2312 Proleg.
1144 2274 1182 2302 ad
1206 2272 1366 2302 Demosth.
1389 2282 1434 2301 or.
1455 2273 1525 2302 adv.
1550 2272 1641 2313 Lept.
1664 2282 1696 2312 p.

1000 2318 1073 2346 584.
1091 2326 1136 2354 sq.
1153 2315 1201 2344 ed.
1217 2320 1312 2345 nostr.

1039 2358 1176 2398 Ἀγῶνας]
1201 2357 1446 2392 86ὶ1.δικανικούς.
1470 2359 1581 2388 LANG-

1039 2400 1108 2440 neb:
1121 2403 1177 2435 τὰς
1192 2398 1357 2440 ἐπιδείξεις]
1373 2401 1412 2429 ud
1426 2403 1638 2430 ostentationem
1651 2400 1698 2430 ἰη-

997 2446 1075 2484 genii
1092 2446 1122 2473 in
1138 2444 1458 2473 conventibus.1m:u.

1041 2487 1095 2519 Ως
1109 2485 1188 2525 ἔστι]
1211 2487 1273 2524 Np.
1289 2487 1303 2516 ἦ
1316 2484 1370 2523 ἐμὴ
1383 2485 1521 2526 διατριβή.
1545 2485 1683 2517 Aucta·

1034 2528 1131 2569 ‘'21330]
1156 2529 1183 2558 I.
1195 2539 1222 2558 e.
1239 2529 1375 2566 ἄγαλμα..
1398 2529 1509 2559 LANG-

1043 2570 1232 2612 Κοροπλιθον]
1258 2572 1318 2600 Εο5
1336 2571 1484 2600 vocabant
1504 2568 1700 2610 κοςοπλάθους,

1002 2614 1098 2654 inquit
1114 2613 1350 2653 Harpocration,
1365 2612 1417 2652 qui
1439 2623 1456 2643 e
1475 2613 1540 2642 luto
1559 2617 1612 2642 aut
1628 2622 1698 2642 cera

1003 2662 1055 2687 aut
1070 2657 1130 2686 alia
1146 2656 1318 2696 hujusmodi
1339 2655 1465 2686 materia
1478 2655 1630 2694 puellulas
1646 2660 1699 2684 aut

1004 2700 1154 2740 puellulos
1171 2700 1330 2738 fingebant.
1353 2697 1492 2728 Auem.

1045 2744 1110 2777 Τοῖς
1131 2742 1171 2771 τὰ
1201 2742 1324 2772 πινάκια.
1349 2739 1453 2781 γραεξι]
1482 2740 1547 2773 Τοῖς
1571 2738 1699 2770 uba-naim

1003 2787 1057 2815 τῶν
1071 2785 1223 2825 ζωγςάφωι
1237 2783 1369 2814 δηλονότι.
1386 2784 1474 2813 Con.

1046 2830 1099 2859 Την
1114 2825 1310 2867 μικρολογίαν]
1334 2826 1493 2865 vnalignam
1511 2825 1700 2863 comparatio-

1003 2880 1066 2901 nem
1076 2881 1177 2902 rerum
1191 2878 1366 2909 magnarum
1380 2878 1446 2898 cum
1460 2868 1565 2906 parvis.
1588 2868 1698 2897 hanc.

1044 2913 1179 2953 Τούτους]
1197 2912 1253 2947 hos,
1262 2911 1282 2940 i.
1290 2921 1317 2941 e.
1326 2920 1387 2940 me:
1413 2920 1490 2945 nam,
1500 2910 1570 2940 dum
1582 2909 1703 2939 imitan-

1003 2961 1140 2985 turmeoa
1148 2954 1325 2992 discipulos,
1333 2963 1380 2982 me
1388 2953 1554 2983 imitantur.
1564 2953 1700 2983 Auossn.

1045 2999 1135 3039 Μέχρι
1145 3015 1188 3021 -
1199 2996 1285 3036 πόρῥω
1296 2994 1485 3036 τῆς’ἢλιιιιάς]
1497 2996 1536 3026 ad
1549 2995 1701 3028 mutinum
