1914 3314
0 3115 16 3314 ff***'

488 208 653 249 ΠΕΡΙ
709 193 1241 250 ΑΝΤΙΔΟΣΕΩΣ,

1476 199 1578 252 601

218 319 285 381 β.
324 320 446 386 Ε’γω
470 320 577 388 γοὶρ,
604 318 769 379 sitim
753 343 879 379 amous·
902 340 986 371 των
1020 337 1239 383 σοφιστων
1265 321 1585 391 βλασφημουν-

147 418 233 453 τοις
257 418 356 463 περι
384 396 462 456 τῆς
487 394 590 464 εμῆς
623 392 863 469 διατριζῆς,
900 417 977 444 και
1015 393 1235 459 λέγοντας
1271 419 1326 452 ως
1364 395 1459 447 ’eo-71
1487 394 1583 463 περὶ

147 493 222 523 culis
238 493 415 529 liberarunt,
428 503 524 523 nonne
541 502 659 532 aequum
677 498 733 528 est,
751 503 804 522 eos
820 493 849 522 in

150 536 232 565 bello
255 543 359 565 contra
373 537 526 565 Barbaros
544 541 688 574 suscepto
706 537 849 575 hegemo-

148 579 227 608 niam
259 579 392 608 liaberet
438 578 531 619 (nfl'.)
564 579 728 618 Reputetis
756 578 852 617 igitur

151 623 320 656 vobiscum,
335 632 370 650 an
396 622 583 651 orationibus
606 621 682 651 meis
703 623 849 660 juvenum

150 665 264 694 animos
277 674 480 703 corrumpere,
496 669 526 694 et
542 674 598 693 non
616 665 718 703 potius
737 666 773 693 ad
792 665 850 693 vir-

150 712 246 736 tutem
272 708 394 742 ducere,
424 707 609 746 praemioque
638 717 726 746 quam
763 717 852 746 poena

151 749 275 789 dignior
289 760 358 779 esse
384 750 499 784 videar,
515 751 564 788 qui
592 751 694 779 urbem
718 755 850 779 nostram

151 794 340 831 majoresque
358 796 479 822 nostros
499 793 539 822 ita
556 792 730 826 extulerim,
752 796 784 822 ut
799 802 851 821 ne-

152 846 210 874 que
228 840 315 865 autea
338 836 496 874 quisquam
521 835 636 874 aliquid
657 835 776 864 dixisse
793 835 849 864 sibi

151 878 303 913 videatur,
341 888 439 916 neque
476 889 553 908 nunc
592 878 694 907 dicere
730 879 849 907 audeat.

152 920 243 961 (κγ’.)
266 922 308 950 At
333 920 526 950 nihilominus
550 926 648 950 tamen
665 920 761 950 invidi
784 921 849 958 qui-

151 965 219 993 dam
241 964 463 992 obtrectatores
484 963 687 1002 praeferendas
712 973 779 992 esse
803 964 850 992 di-

152 1011 221 1036 cent
237 1006 305 1035 illas
322 1006 486 1040 orationes,
503 1015 569 1043 quae
594 1016 650 1034 non
677 1010 735 1033 tam
760 1015 850 1044 supe-

154 1049 234 1084 riora
265 1048 344 1076 facta
372 1047 551 1085 praedicent,
575 1057 662 1084 quam
691 1047 851 1085 praeseutia

151 1094 282 1129 peccata
297 1089 456 1128 castigent.
500 1087 588 1129 (κδ’.)
613 1088 670 1119 Cui
685 1089 849 1127 objectioni

152 1138 186 1162 ut
206 1142 375 1166 occurram,
390 1133 455 1170 ejus
470 1131 614 1161 orationis
630 1131 719 1161 vobis
736 1137 850 1170 partem

153 1175 284 1214 aliquam
312 1184 487 1213 proponam,
515 1175 544 1203 in
568 1185 635 1213 qua,
661 1174 709 1203 ubi
739 1175 850 1204 bellum

152 1228 220 1247 cum
246 1218 338 1247 sociis
362 1217 521 1246 finiendum
544 1228 610 1246 esse
632 1217 851 1253 demonstravi,

151 1261 313 1299 imperium
343 1261 518 1290 Graecorum
558 1265 697 1299 tanquam
734 1261 851 1290 civitati

151 1303 257 1333 inutile
282 1302 484 1342 reprehendo,
510 1303 602 1341 idque
627 1303 777 1342 exemplis
805 1314 853 1332 ro-

153 1347 237 1376 boro.
283 1347 446 1385 Postquam
462 1346 500 1375 de
515 1346 564 1375 his
590 1346 719 1375 disserui
745 1351 776 1375 et
799 1347 853 1374 de-

155 1388 276 1428 ploravi
296 1389 425 1419 Graeciae
440 1388 640 1423 calamitates,
657 1393 687 1417 et
703 1389 787 1418 cives
801 1390 854 1418 ad-

153 1431 270 1470 monui,
284 1436 318 1461 ut
333 1432 424 1461 tantis
439 1432 523 1461 malis
539 1432 704 1461 remedium
718 1432 852 1461 invenire

156 1475 308 1510 studeant,
325 1474 355 1503 in
372 1474 429 1503 tine
440 1475 524 1513 ipsos
541 1475 578 1503 ad
594 1475 749 1504 colendam
761 1475 852 1513 justi·

154 1517 226 1547 tiam
249 1517 404 1552 adhortor,
423 1522 453 1546 et
474 1523 573 1547 errata
589 1518 741 1555 vitupero,
758 1523 789 1546 et
813 1518 852 1547 de

153 1560 264 1590 futuris
277 1561 317 1589 do
330 1559 502 1590 consilium.
526 1560 615 1589 Hanc
631 1561 724 1597 igitur
736 1566 850 1598 partem

153 1603 268 1632 recita:
300 1604 350 1632 Ex
377 1604 564 1633 ORATIONE
590 1613 634 1633 DE
660 1604 765 1632 PACE.
809 1603 852 1633 At

154 1655 227 1675 vero
242 1655 300 1674 non
318 1645 416 1675 solum
431 1656 491 1684 pax
504 1646 643 1675 facienda
658 1650 716 1680 est,
729 1647 780 1675 sed
800 1647 851 1675 de-

154 1688 340 1718 liberandum
359 1689 461 1722 etiam,
478 1699 538 1727 qua
553 1689 668 1718 ratione
685 1689 765 1717 illam
780 1700 851 1718 con-

152 1741 321 1766 servemus,
351 1741 408 1761 nec
434 1737 546 1761 tantum
576 1732 763 1767 dilationem,
796 1733 849 1761 sed

149 1774 344 1812 praesentium
369 1774 512 1803 malorum
537 1774 744 1804 liberationem
766 1775 850 1804 inve·

151 1817 290 1853 niamus3
318 1817 399 1855 quod
422 1817 486 1846 fieri
512 1817 595 1846 nullo
621 1818 712 1846 modo
737 1823 850 1855 potest,

150 1859 209 1889 nisi
227 1870 402 1898 persuasum
419 1860 506 1888 vobis
521 1859 765 1899 suerit‚quietem
783 1870 850 1889 esse

151 1902 349 1932 sollicitudini
393 1903 623 1941 praeferendam,
660 1902 850 1941 improbitati

145 1945 310 1983 justitiam,
326 1955 445 1975 suarum
461 1955 561 1974 rerum
575 1955 676 1974 curam
687 1945 850 1986 cupiditati

151 1987 334 2024 alienarum;
370 1988 409 2017 de
437 1988 546 2026 quibus
574 1988 668 2017 rebus
698 1994 849 2018 oratorum

151 2030 253 2060 nullus
266 2031 346 2069 apud
361 2040 415 2059 vos
429 2033 520 2060 verba
538 2031 635 2060 adhuc
650 2031 749 2060 facere
763 2041 850 2060 cona·

151 2077 202 2102 tus
217 2070 276 2103 est.
308 2075 420 2102 Omnes
435 2073 556 2111 quidem
571 2074 704 2103 homines
719 2084 851 2104 commo-

152 2116 222 2145 dum
237 2126 324 2145 suum
340 2121 490 2154 spectant,
507 2117 560 2145 sed
573 2117 650 2146 viam
668 2117 851 2152 nescientes,

152 2158 292 2188 diversas
308 2158 440 2188 rationes
457 2159 569 2189 ineunt.
602 2161 650 2189 Ita
664 2170 717 2188 nos
733 2170 851 2199 quoque

152 2202 327 2231 Graecorutu
352 2201 512 2240 imperium
534 2206 724 2240 expetentes,
747 2204 818 2232 dum
836 2214 852 2232 a

150 2249 235 2274 recta
249 2244 300 2274 via
319 2245 506 2280 aberramus,
522 2245 564 2274 nit
589 2244 647 2274 nisi
666 2245 852 2281 inimicitias,

153 2287 236 2316 bella
250 2292 280 2317 et
291 2292 429 2326 sumptus
446 2287 531 2317 nobis
547 2298 696 2330 paramus.
729 2289 788 2327 Qui
802 2290 852 2327 ju-

152 2330 266 2359 stitiam
291 2331 446 2367 probatam
469 2330 602 2369 quidem,
624 2332 677 2360 sed
704 2331 852 2368 inutilem,

153 2372 200 2401 vel
217 2373 320 2411 justos
342 2373 432 2403 etiam
454 2373 626 2403 miseriores
648 2375 759 2404 habent
775 2375 852 2412 inju-

154 2414 224 2451 stis,
240 2415 269 2444 in
284 2425 395 2454 magno
411 2415 462 2445 isti
477 2426 578 2445 errore
591 2422 757 2447 versantur.
782 2417 854 2447 Sola

154 2457 252 2488 virtus
267 2459 393 2497 ejusque
407 2459 608 2497 parsjustitia
628 2467 685 2495 est,
701 2471 781 2498 quae,
795 2460 853 2489 etsi

154 2511 213 2530 nou
240 2511 371 2539 semper,
398 2502 577 2540 plerumque
601 2506 710 2538 tamen,
739 2512 797 2532 non
829 2503 856 2531 in

154 2543 320 2583 praesentia
351 2548 480 2580 tantum,
507 2545 559 2573 scd
593 2544 681 2574 etiam
709 2546 738 2574 in
770 2556 858 2574 omne

155 2596 253 2616 aevum
279 2587 383 2616 felices
408 2597 464 2616 nos
487 2587 597 2616 reddit.
644 2587 767 2618 Utinam
785 2598 859 2617 vero

157 2639 241 2668 aeque
262 2628 351 2659 facile
367 2629 420 2665 sit,
436 2630 577 2659 virtutem
600 2630 740 2660 laudibus
761 2631 858 2661 extol·

159 2672 234 2707 lere,
257 2677 346 2710 atque
371 2673 526 2703 auditores
550 2672 587 2702 ad
612 2674 769 2703 colendam
791 2684 859 2703 euin

160 2715 282 2750 ducere,
308 2718 468 2754 ‹soi-ruptos
490 2725 597 2755 nempe
617 2717 656 2745 ab
678 2716 860 2752 homiuibus,

161 2757 213 2795 qul
237 2757 311 2788 nibil
334 2759 415 2788 uliud
439 2768 528 2798 quam
552 2759 696 2796 decipere
722 2764 861 2798 possunt,

163 2799 284 2838 quique,
314 2802 433 2842 quando
470 2802 681 2840 largitionibus
715 2802 860 2840 corrupti,

164 2841 276 2872 bellum
296 2845 446 2883 aliquibus
465 2844 576 2874 inferre
594 2845 709 2880 volunt,
734 2846 861 2882 majores

164 2894 233 2914 esse
249 2884 407 2917 imitandos
421 2887 522 2917 dicere
539 2888 660 2921 audent,
677 2893 736 2917 etc.
777 2888 862 2924 Quos

163 2926 304 2957 lubenter
335 2931 566 2969 interrogarem,
593 2935 677 2960 utros
715 2932 860 2968 majorum

164 2969 253 3000 nobis
270 2971 307 3000 ad
332 2972 507 3003 imitandum
524 2973 747 3009 commendent,
765 2980 862 3003 utrum

163 3023 227 3050 eos,
239 3014 290 3052 qui
305 3019 439 3054 tempore
452 3016 523 3046 belli
541 3017 659 3047 Persici
677 3016 809 3054 suerunt,
824 3026 860 3047 uu

885 502 948 526 eos,
974 492 1024 531 qui
1049 498 1117 521 ante
1142 493 1251 522 bellum
1270 492 1446 522 Decelicum
1468 490 1605 532 rempu-x

885 536 992 564 blicam
1024 542 1195 573 gesserunt.
1240 536 1363 574 Loquar
1394 547 1430 565 an
1463 543 1588 571 taceam,

885 578 1003 607 dubito.
1026 580 1201 617 Quanquam
1218 583 1317 607 autem
1337 579 1460 615 gravius
1481 579 1586 609 irasci-

885 621 955 649 mini
987 621 1034 655 iis,
1059 621 1110 659 qui
1132 621 1244 650 delicta
1275 627 1373 651 vestra
1406 622 1589 661 vituperant,

885 673 972 701 quam
1014 664 1156 693 malorum
1197 669 1364 693 vestrorum
1403 665 1589 700 auctoribus,

884 712 981 735 tamen
998 717 1087 745 quum
1105 707 1227 745 aegrotis
1244 706 1350 735 animis
1369 707 1482 736 nullum
1507 708 1588 737 alind

884 750 1048 778 remedium
1074 749 1125 785 sit,
1140 760 1225 788 quam
1251 750 1344 778 libere
1367 750 1589 790 reprebendens

884 793 993 827 oratio,
1011 802 1096 821 meus
1122 803 1169 821 me
1194 792 1300 831 patriae
1328 802 1410 821 umor
1435 792 1529 832 cogit,
1557 796 1590 822 ut

884 835 990 873 loquar
1001 845 1036 863 ac
1054 835 1235 873 vituperem.
1260 835 1434 864 Laudamus
1449 836 1590 874 majores,

884 878 982 915 iisque
999 878 1147 907 contraria
1163 877 1309 915 facimus-‚3
1332 877 1374 906 illi
1392 877 1468 906 enim
1486 880 1591 908 contra

885 920 1039 949 Barbaros
1061 925 1245 959 pugnarunt,
1274 920 1390 950 Graecis
1420 920 1589 951 libertatem

885 963 1043 997 donarunt¹
1071 973 1126 1001 pro
1154 964 1328 991 Graecorum
1359 961 1456 992 salute
1487 964 1590 992 urbem

884 1014 967 1033 suam
994 1005 1195 1042 reliquerunt,
1214 1014 1268 1033 nos
1289 1015 1362 1033 vero
1384 1015 1453 1033 cum
1476 1005 1591 1034 Graec‘is

884 1047 1032 1075 adversus
1049 1047 1173 1075 Graecos
1189 1057 1368 1085 pugnamus,
1384 1048 1510 1076 Graecos
1528 1057 1589 1076 ser-

885 1087 982 1117 vitute
1006 1088 1217 1127 opprimimus,
1237 1098 1274 1117 ne
1297 1099 1353 1126 pro
1374 1088 1591 1128 amplificando

884 1131 1006 1180 quidem
1037 1131 1190 1161 dominatu
1210 1136 1313 1160 nostro
1332 1131 1478 1161 dimicare
1503 1133 1592 1162 volu·

885 1184 963 1209 mus,
983 1173 1041 1212 ipsi
1058 1174 1230 1211 indigentes
1248 1175 1339 1203 rebus
1357 1175 1394 1203 ad
1409 1174 1521 1215 victum
1539 1185 1592 1204 ne-

886 1217 1040 1252 cessariis,
1072 1217 1262 1256 peregrinum
1300 1216 1426 1246 militem
1457 1227 1593 1266 ‘eumque

886 1259 966 1289 omni
987 1260 1172 1297 flagitiorum
1194 1270 1304 1298 genere
1329 1259 1592 1298 corruptissimum

887 1302 967 1331 alere
984 1313 1137 1337 conamur,
1155 1302 1360 1332 conductitios
1377 1303 1490 1332 milites
1506 1303 1592 1342 gravi

887 1354 977 1374 arma.
984 1355 1035 1374 ura
1067 1345 1236 1384 dignamur,
1269 1350 1299 1374 et
1330 1345 1414 1375 cives
1445 1347 1592 1385 remigare

887 1388 1037 1426 cogimuS.
1080 1389 1192 1418 Verum
1211 1398 1268 1417 non
1286 1388 1402 1417 militiae
1418 1389 1528 1425 solum,
1538 1390 1593 1418 sed

886 1431 976 1460 etiam
993 1431 1075 1460 domi
1091 1431 1255 1461 deterrime
1278 1441 1312 1460 ac
1330 1431 1497 1470 perturbati
1501 1432 1593 1461 ssime

885 1483 935 1503 res
951 1480 1068 1503 nostras
1085 1474 1340 1509 administramus,
1356 1474 1522 1510 civitatem,
1533 1484 1592 1513 qua

885 1516 1062 1556 gloriamur,
1099 1516 1199 1546 cuivis
1237 1517 1457 1555 impertientes,
1491 1517 1589 1556 leges,

886 1570 1009 1597 quarum
1036 1560 1179 1597 plurimas
1204 1560 1339 1595 serimus,
1365 1560 1467 1589 ubivis
1494 1560 1592 1599 negli-

886 1607 1002 1640 gentes,
1020 1603 1090 1632 belli
1108 1603 1309 1632 concitatores
1326 1606 1465 1641 tanquam
1486 1603 1591 1632 demo-

886 1645 987 1674 cratiae
1005 1646 1135 1675 fautores
1159 1645 1353 1680 aestimantes,
1375 1641 1537 1675 sententias
1559 1645 1591 1675 in

885 1689 1030 1717 concione
1047 1698 1165 1726 semper
1181 1693 1342 1723 mutantes,
1358 1687 1507 1725 pessimos
1521 1697 1592 1717 con-

885 1731 1014 1760 sultores
1025 1729 1463 1768 adhibentemimprobissimos
1476 1729 1591 1760 civium

885 1773 1079 1803 fidelissimos
1101 1774 1281 1812 reipublicae
1309 1773 1453 1802 custodes
1483 1772 1592 1802 existi-

884 1821 1009 1851 mantes,
1025 1827 1078 1845 eos
1092 1817 1234 1854 denique,
1256 1825 1273 1845 a
1296 1816 1406 1854 quibus
1431 1825 1518 1845 nemo
1540 1815 1593 1846 vel

885 1860 922 1888 de
945 1859 1071 1897 privatis
1093 1860 1141 1887 vel
1167 1859 1206 1888 de
1223 1857 1357 1898 publicis
1377 1858 1468 1887 rebus
1493 1858 1593 1888 consi-

884 1901 956 1930 lium
973 1905 1102 1940 peteret,
1117 1912 1231 1930 summa
1254 1905 1404 1940 potestate
1426 1901 1593 1931 instructos

885 1945 1068 1974 emittentes.
1080 1961 1124 1966 —
1141 1945 1202 1973 Res
1216 1943 1435 1973 vero-civitatis
1451 1943 1592 1973 emenda-

886 1987 995 2022 bimus,
1017 1988 1157 2026 primum,
1180 1986 1205 2016 si
1230 1986 1408 2016 desierimus
1430 1987 1593 2016 calumnia-

886 2034 968 2060 tores
986 2040 1041 2068 pro
1069 2030 1269 2068 popularibus
1289 2034 1320 2058 et
1342 2029 1485 2058 honestos
1510 2029 1594 2059 viros

887 2083 941 2111 pro
953 2073 1149 2111 oligarcliicis
1163 2073 1290 2107 habere5
1311 2071 1435 2108 deinde,
1451 2072 1476 2101 si
1493 2071 1594 2101 socios

887 2117 976 2145 vobis
1005 2116 1159 2146 beneficiis
1189 2108 1370 2154 adJungatis,
1396 2119 1457 2144 tum
1483 2118 1594 2152 praeter

886 2159 1029 2197 pietatem
1053 2169 1124 2196 erga
1145 2159 1220 2187 deos
1241 2158 1314 2187 nihil
1334 2157 1419 2196 prius
1444 2156 1594 2193 habeatis,

887 2212 975 2240 quam
992 2202 1070 2241 apud
1090 2203 1216 2231 Graecos
1237 2202 1312 2230 bene
1334 2200 1450 2229 audire.
1473 2199 1594 2238 Quodsi

887 2246 932 2274 his
945 2245 1122 2279 accesserit,
1136 2249 1168 2273 ut
1178 2243 1397 2273 exercitatione
1406 2246 1436 2272 et
1447 2247 1593 2282 apparatu

888 2287 1037 2321 bellicosi,
1053 2297 1159 2316 revera
1177 2286 1260 2327 pacis
1277 2290 1307 2316 et
1320 2285 1447 2325 justitiae
1463 2285 1596 2315 studiosi

889 2330 966 2365 sitis,
983 2340 1040 2359 non
1058 2335 1171 2360 tantum
1198 2329 1353 2359 civitatem
1377 2331 1521 2364 vestram,
1542 2336 1595 2358 ve-

888 2383 951 2402 rum
974 2373 1063 2402 etiam
1087 2383 1189 2402 omnes
1213 2372 1334 2402 omniuo
1351 2373 1474 2401 Graeoos
1489 2370 1594 2401 felices

888 2416 1034 2445 reddetis.
1083 2415 1272 2445 Potentiores
1295 2415 1376 2444 enim
1399 2414 1528 2444 Groeciae
1552 2414 1596 2443 ci·

892 2459 1013 2495 ivitates,
1026 2458 1136 2497 quibus
1152 2458 1321 2487 inferiorern
1339 2457 1467 2496 aliquam
1485 2457 1596 2487 laedeu·

892 2502 922 2530 di
945 2501 1059 2531 animus
1084 2501 1154 2536 erit,
1179 2500 1229 2530 ulti
1247 2504 1378 2539 paratam
1395 2500 1525 2530 viderint
1542 2509 1596 2529 no-

893 2549 984 2573 stram
998 2545 1079 2574 taesis
1094 2544 1248 2582 opitulari,
1259 2542 1472 2573 abstinebunt
1465 2543 1595 2581 injuriis,

893 2593 942 2616 aut
959 2597 1075 2621 omnes,
1091 2587 1141 2625 qui
1158 2587 1185 2615 in
1203 2585 1351 2625 angustiis
1366 2591 1464 2622 erunt,
1480 2585 1517 2614 ud
1540 2595 1596 2615 nos

894 2630 1079 2667 confugient.
1116 2629 1199 2659 Hinc
1214 2639 1310 2668 neque
1327 2628 1414 2658 amici
1430 2628 1526 2663 nobis,
1545 2637 1596 2658 ne-

894 2683 951 2710 que
968 2682 1042 2711 opes
1059 2677 1091 2702 et
1106 2673 1252 2712 potentia,
1267 2682 1364 2710 neque
1384 2671 1516 2710 deniqne
1532 2671 1597 2710 glo—

894 2717 937 2745 ria
953 2716 1090 2750 deerunt,
1115 2715 1141 2745 si
1166 2715 1195 2744 in
1213 2715 1337 2745 aliorum
1365 2713 1480 2743 insania
1506 2712 1596 2752 primi

894 2769 949 2787 nos
963 2759 998 2787 ad
1017 2768 1114 2787 sanam
1134 2763 1263 2787 mentem
1277 2757 1404 2791 reversi,
1419 2760 1597 2795 recuperata

895 2803 1039 2839 majorum
1055 2801 1159 2837 laude,
1170 2799 1321 2831 libertatis
1336 2799 1439 2840 potius
1461 2799 1597 2828 vindices

896 2853 982 2882 quam
1000 2845 1127 2873 Graeciae
1151 2843 1246 2883 pestis
1269 2842 1413 2872 {flerimus
1439 2840 1595 2879 appellati.

894 2887 1002 2916 Totius
1016 2892 1114 2916 autem
1132 2887 1175 2916 rei
1191 2891 1283 2926 caput.
1306 2891 1364 2921 est,
1387 2885 1411 2913 si
1427 2883 1598 2919 maledictu,

895 2929 1005 2968 quitus
1030 2940 1106 2960 nunc
1137 2930 1281 2968 petimur,
1309 2928 1504 2965 exstinguere
1526 2929 1557 2954 et.
1580 2929 1600 2954 u

896 2973 985 3003 bellis
996 2978 1109 3003 temere
1125 2972 1275 3011 susceptis
1291 2980 1421 3004 cessare,
1447 2967 1599 3007 principu-

897 3021 1020 3055 tmuque
1038 3016 1066 3046 in
1083 3025 1170 3046 omne
1187 3021 1306 3053 tempus
1329 3018 1430 3042 tenere
1446 3011 1598 3050 cnpimun,

894 3063 915 3090 4
933 3069 954 3089 n
