1924 3314
322 212 397 254 164
873 208 1186 251 PRAEFATIO

314 327 414 375 βεις
443 319 716 362 ἀπέστειλέν
744 327 982 375 Εὐαγόρας
1010 327 1092 372 (rex
1121 330 1246 361 autem
1276 324 1400 361 factus
1427 331 1484 363 est
1512 325 1737 364 Nectenibis

313 389 373 425 vel
403 385 635 423 Nectenebis
662 380 818 423 ineunte
836 385 1069 436 Olympiade
1089 385 1180 432 C.¹)·
1200 387 1303 422 τίνα
1329 401 1373 422 τε
1401 388 1566 437 τρόπον
1593 388 1612 423 ὁ
1638 389 1739 436 περὶ

313 448 498 496 Κύπρον
526 449 642 497 αὐτῷ
670 448 871 497 πτόλεμος
900 445 1098 490 διελύθη.
1130 445 1189 482 Ita
1209 445 1496 484 incideret-finis
1516 446 1605 484 belli
1624 447 1737 496 hujus

312 508 444 558 Cyprii
464 507 502 543 in
523 520 663 545 anuum
683 507 736 543 ΙΙ.
757 507 815 544 vel
837 507 910 545 ΙΙΙ.
933 506 1178 557 Olympiadis
1198 505 1429 544 centesimae.
1484 507 1739 546 Consentiunt

310 583 395 607 cum
417 570 487 608 hac
507 570 669 614 ratione,
689 582 776 618 quae
793 569 846 605 ‘ab
860 570 1030 606 Isocrate
1045 576 1258 606 narrantur.
1313 568 1428 612 Nam,
1451 568 1507 606 uti
1523 582 1638 620 supra
1658 582 1738 607 mo-

311 630 427 668 nitum
442 638 511 676 est,
527 630 665 668 bellum
683 629 866 679 Cyprium
887 629 1018 666 decem
1035 629 1201 679 explevit
1216 642 1350 674 annOS,
1369 628 1463 666 dicit
1475 635 1602 667 autem
1621 643 1657 669 c.
1671 633 1737 668 39.

309 691 418 728 Mea-<i
448 691 485 728 δὲ
513 695 628 729 ταῦτα
658 684 710 727 εἰτ’
737 692 935 740 Εὒαγόραν
963 690 1184 741 στρατεύσας
1212 689 1675 740 (Olymp;³XCVIII.2.)‚
1696 692 1738 734 ὃς

310 753 443 805 ἄρχει
471 751 538 803 μὲν
556 757 644 803 μιᾶς
663 753 805 794 πόλεως
821 751 1067 798 (Salaminem
1086 749 1291 800 intelligas)
1310 757 1384 788 τῶν
1401 751 1442 789 ἐν
1463 750 1613 803 Κύπρῳ,
1631 752 1672 789 ἓν
1698 751 1739 789 δὲ

309 818 390 856 ταῖς
410 811 608 858 συνθήκαις
625 811 770 855 ἔκδοτός
789 813 889 850 ἐστιν
907 813 1018 862 (pace
1033 811 1250 849 Antalcidae
1268 811 1332 850 Ol.
1347 812 1534 850 XCVIII.
1549 817 1586 850 2.
1608 813 1739 860 facta),

308 875 414 912 οἰκῶν
434 873 474 911 δὲ
491 876 557 920 τὴν
576 880 688 920 νῆσον
707 877 798 912 κατὰ
817 874 887 924 μὲν
905 873 1096 911 θάλατταν
1113 872 1441 923 προδεδυστίιχηκεν
1453 873 1531 921 (Ol.
1547 874 1736 913 XCVIII.

310 937 380 983 3.),
409 934 514 983 ὑπὲρ
549 941 626 979 τῆς
653 939 805 989 χώρας
842 936 1130 984 τρισχιλίους
1168 931 1262 983 εἶχε
1289 935 1428 984 μόνον
1457 935 1736 978 ’πελταστάςο

309 997 414 1033 ἀλλ’
444 996 564 1044 ὅμως
604 997 716 1033 οὕτω
756 1003 975 1040 ταπεινῆς
1004 994 1190 1045 δυνάμεως
1224 997 1265 1031 οὐ
1303 995 1453 1033 δύναται
1482 999 1739 1045 περιγενέσθαι

307 1057 531 1105 βασιλεὺς
559 1060 783 1107 πολεμῶν,
812 1058 910 1093 ἀλλ’
943 1055 1022 1101 ἤδη
1049 1055 1129 1106 μὲν
1157 1054 1290 1105 ἓξγὲτη
1320 1055 1673 1108 διατέτριφεν·έὶ
1703 1057 1740 1096 δὲ

311 1119 362 1158 δεῖ
389 1123 434 1157 τὰ
453 1121 640 1170 μέλλοντα
657 1135 687 1156 κ.
707 1135 739 1156 τ.
760 1122 797 1155 λ.

367 1181 463 1218 Haec
491 1180 542 1218 ita
571 1186 658 1217 sunt
678 1177 928 1228 explicanda:
959 1191 1004 1215 ex
1033 1190 1110 1228 quo
1136 1178 1258 1216 victus
1290 1185 1347 1216 est
1378 1179 1570 1229 Evagoras
1604 1179 1742 1230 proelio

311 1241 451 1286 navali,
473 1241 622 1279 nonnisi
643 1241 714 1278 tria
740 1240 856 1277 millia
887 1239 1044 1276 militum
1071 1239 1253 1284 habebat,
1274 1241 1356 1278 sola
1375 1241 1563 1279 Salamine
1583 1255 1622 1280 se
1646 1255 1740 1280 con-

311 1303 431 1340 tinere
462 1301 592 1347 debet,
607 1302 688 1350 jam
721 1306 848 1338 sextus·
873 1301 998 1350 agitur
1026 1313 1171 1343 annus;
1201 1307 1309 1338 tanto
1332 1303 1515 1348 exercitu,
1540 1315 1618 1352 quo
1638 1303 1739 1340 Eva—

311 1376 440 1414 goram
470 1364 534 1400 Ol.
555 1363 742 1401 XCVIII.
763 1366 802 1399 2.
822 1374 1020 1411 aggressus
1047 1369 1104 1399 est
1132 1362 1214 1412 ipse
1239 1361 1420 1409 βασιλεὺς
1447 1376 1533 1400 eum
1565 1363 1740 1413 subigere

312 1425 459 1474 nequit,
482 1425 546 1462 sed
577 1437 622 1461 ex
647 1437 724 1474 quo
751 1437 837 1460 cnm
859 1436 904 1460 eo
935 1430 1021 1472 post
1044 1424 1219 1473 proelium
1241 1423 1374 1461 navale
1395 1430 1550 1474 pugnat,
1572 1431 1610 1462 et
1640 1425 1739 1462 Eva-

310 1498 436 1535 goras,
458 1486 523 1535 qui
543 1492 654 1523 antea
676 1486 864 1533 ingentem
885 1485 1095 1521 exercitum
1111 1492 1288 1533 coegerat
1307 1484 1409 1532 (vide
1430 1498 1543 1534 supra
1563 1493 1601 1522 et
1621 1485 1738 1523 Diod.
1783 1526 1786 1528 ,

311 1546 480 1593 XV.2.)‚
494 1559 613 1596 quum
632 1545 864 1583 defecissent
885 1544 991 1589 socii,
1012 1545 1214 1593 periissent
1233 1552 1299 1581 aut
1319 1545 1566 1582 descivissent
1585 1545 1738 1591 milites,

311 1607 383 1644 tria
405 1607 520 1644 modo
539 1606 636 1660 εἶχε
666 1606 826 1643 militum
848 1605 980 1648 millia,
1002 1607 1233 1642 Artaxerxes
1253 1605 1343 1643 οὕτω
1363 1603 1536 1652 ταπεινῆς
1556 1606 1741 1658 δυνάμεως

309 1668 566 1719 περιγενέσθαι
596 1668 742 1718 nequit,
763 1668 829 1704 sed
858 1666 1040 1703 adversus
1069 1679 1151 1703 eam
1175 1666 1314 1705 bellum
1343 1676 1476 1717 gerens
1491 1669 1572 1718 jam
1593 1677 1740 1706 sextum

308 1742 449 1767 annum
482 1729 622 1779 attigit.
678 1729 817 1766 Elucet
852 1728 939 1765 hinc
971 1734 1117 1765 sextum
1147 1728 1249 1766 hunc
1278 1741 1430 1773 annum,
1450 1742 1496 1766 ex
1520 1743 1599 1779 quo
1631 1732 1742 1768 Arta-

308 1803 440 1829 xerxes
454 1791 595 1829 frustra
616 1793 724 1828 οὕτω
743 1806 852 1828 ταπε
863 1793 931 1835 ινὴ
945 1806 964 1827 ν
978 1789 1132 1839 δύναμιν
1147 1797 1357 1840 oppugnet,
1371 1803 1453 1827 esse
1470 1803 1606 1829 annum
1628 1805 1742 1842 quar-

308 1858 387 1890 tum
408 1853 652 1905 Olympiadis
674 1852 946 1902 nonagesimae.

361 1914 462 1951 Finis
483 1914 596 1963 hujus
620 1909 707 1951 belli
726 1913 880 1967 (σχεδὸν
900 1912 973 1950 vid.
999 1912 1115 1951 Diod.
1144 1916 1264 1964 supr.)
1289 1927 1356 1964 per
1375 1915 1601 1954 decennium
1627 1916 1738 1967 gesti,

308 1982 347 2014 et
364 1975 430 2014 Ol.
452 1976 638 2014 XCVIII.
659 1981 696 2014 2.
727 1975 884 2026 incepti,
906 1974 1040 2012 incidit
1069 1975 1106 2012 in
1136 1976 1300 2014 eundem
1331 1991 1485 2022 annum,
1514 1978 1645 2028 quiex
1673 1991 1738 2016 ex-

309 2039 451 2088 cerptis
471 2037 646 2075 historici
665 2037 812 2087 antiqui
831 2036 946 2074 modo
964 2042 1093 2073 erutus
1111 2043 1170 2074 est
1190 2037 1255 2074 Ol.
1277 2038 1322 2075 C.
1342 2043 1379 2076 2.
1410 2039 1504 2077 Post
1523 2039 1605 2088 ejus
1625 2039 1739 2077 finem

312 2113 334 2136 a
355 2099 495 2138 Photio
526 2100 610 2138 haec
633 2104 1005 2138 commemorantur:
1035 2100 1093 2134 καὶ
1123 2101 1203 2147 περὶ
1231 2099 1500 2149 Νικοκρέοντος
1519 2104 1567 2144 ὡς
1586 2100 1739 2149 ἐπεβού-

312 2163 454 2206 λευσεν,
473 2164 522 2204 ὡς
540 2161 750 2212 παραδόξως
769 2159 955 2212 ἐφωράθη,
979 2163 1024 2201 ὡς
1043 2159 1166 2212 ἔφυγε·
1193 2162 1251 2197 καὶ
1272 2164 1321 2204 ὡς
1339 2165 1382 2216 τῇ
1405 2161 1538 2199 ἐκείνου
1557 2163 1657 2215 παιδὶ
1677 2175 1739 2200 κα-

312 2221 550 2277 ταλειφθείσῃ
576 2225 660 2274 κόρῃ
692 2224 887 2273 Εὐαγόρας
907 2237 942 2258 τε
969 2221 1027 2257 καὶ
1058 2223 1077 2258 ὁ
1105 2222 1230 2259 τούτου
1248 2228 1338 2265 παῖς
1369 2222 1621 2274 Πνυταγόρας
1644 2227 1740 2271 (var.

312 2281 572 2333 Πρυταγόρας,
600 2285 761 2322 Isocrat.
791 2290 830 2320 et
863 2282 1026 2319 Diodor.
1048 2282 1314 2333 Πρωταγόρας,
1344 2283 1419 2321 vid.
1450 2284 1672 2336 wesseling.
1692 2286 1740 2324 ad

313 2344 476 2381 Diodor.
490 2345 577 2381 XV.
591 2345 660 2393 4.),
675 2343 929 2386 λανθάνοντες
948 2345 1150 2388 ἀλλήλους,
1168 2344 1437 2382 συνεκάθευδον·
1455 2345 1689 2395 θρασυδαίου
1703 2346 1742 2384 δὲ

311 2407 518 2457 ἡμάῤῥενος
539 2407 597 2457 (ὃς
625 2406 670 2452 ἦν
688 2407 834 2449 Ἠλεῖος
858 2406 896 2444 τὸ
915 2407 1044 2454 γένος)
1059 2407 1183 2448 αὺτοῖς
1207 2408 1308 2456 παρὰ
1325 2408 1432 2457 μέρος
1451 2408 1741 2458 ὓπηρετουμὲνου

310 2471 358 2519 τῇ
375 2468 466 2518 πρὸς.
488 2471 556 2514 τὴν
574 2469 681 2518 κόρην
706 2470 904 2518 ἀκολασίᾳ·
925 2468 984 2504 καὶ
1008 2469 1056 2509 ὡς
1074 2471 1178 2504 τοῦτο
1209 2469 1332 2509 αὐτοῖς
1359 2467 1476 2505 α’ίτιον
1497 2466 1655 2518 ὀλέθρου
1675 2472 1740 2517 γε’-

312 2544 412 2576 γονε,
426 2529 661 2580 Θρασυδαῖον
673 2531 739 2574 τὴν
749 2530 894 2566 ἐκείνων
912 2528 1101 2578 ἀναίρεσιν
1116 2530 1452 2579 κατεργασαμένου.
1482 2528 1740 2580 Interemptus

309 2597 439 2629 autem
459 2597 516 2628 est
531 2592 724 2641 Evagon-as
742 2590 806 2628 Ol.
827 2590 893 2628 C1.
908 2593 947 2627 3.
968 2587 1040 2628 cfr.
1056 2589 1339 2640 Verpoortenn.
1359 2590 1384 2627 l.
1400 2590 1432 2627 1.
1452 2593 1572 2639 p.'28.
1595 2589 1740 2629 Meurs.

352 2699 512 2739 ¹Olymp.
539 2700 576 2730 C.
606 2710 633 2730 a.
657 2701 703 2730 11.
728 2701 791 2731 cfr.
820 2702 1008 2741 Allgemeine
1042 2702 1266 2740 totiusiusulae,
1277 2703 1448 2743 imperium,
1471 2705 1550 2743 qnod
1578 2710 1665 2735 antea
1679 2706 1739 2738 sibi

309 2742 538 2778 Welthistorie‚
553 2743 640 2773 Tum.
654 2743 680 2772 1.
695 2744 767 2772 Hal.
785 2746 880 2780 1746,
891 2756 921 2784 p.
932 2748 1006 2782 566,
1043 2746 1257 2781 vindicaverat,
1285 2746 1386 2776 amisit
1416 2747 1465 2787 (et
1491 2747 1583 2777 solam
1615 2748 1739 2779 retinuit

307 2785 332 2824 §
350 2787 422 2816 6902.
437 2790 525 2824 atque
550 2785 575 2824 §.
589 2790 648 2815 aut.
664 2786 734 2815 coll.
757 2796 788 2825 p.
799 2789 872 2819 486
890 2788 916 2827 §.
931 2790 1005 2824 598,
1041 2787 1251 2828 Salaminem).
1290 2787 1350 2818 Hic
1379 2789 1639 2828 prochronismum
1668 2801 1736 2821 esse

308 2827 460 2858 Eusebius
483 2837 561 2858 anno
583 2829 610 2858 1.
634 2829 825 2867 Olympiadis
849 2823 1004 2862 XCVIII.
1036 2833 1098 2870 jam
1114 2832 1221 2861 Morus
1237 2831 1351 2868 sensit3
1375 2836 1421 2861 est
1445 2838 1544 2862 autem
1560 2833 1666 2864 decem
1683 2843 1734 2864 an

307 2871 454 2910 assignat,
468 2875 499 2900 et
512 2870 649 2912 ejusdem
676 2881 702 2900 ιι.
727 2872 772 2901 ΙΙ.
790 2872 936 2912 Evagorae
952 2875 1004 2904 de·
1038 2884 1155 2904 norum·
1199 2873 1438 2904 Similimodoin
1455 2874 1503 2910 iis,
1516 2885 1582 2914 quae
1597 2876 1736 2914 proxime

307 2913 469 2944 ditionem:
494 2923 559 2943 nam
577 2913 746 2943 rectissime
762 2914 898 2953 Scaliger
920 2916 1005 2947 dedit
1038 2921 1140 2946 notata
1167 2920 1235 2946 sunt
1257 2916 1293 2945 ab
1308 2916 1448 2946 Eusebio
1476 2918 1735 2957 proclironismum

306 2954 421 2994 ἐξέστη,
441 2956 499 2986 hoc
522 2966 595 2986 vero
616 2966 673 2985 non
698 2962 798 2995 potest
820 2957 946 2997 intelligi
966 2960 1004 2990 de
1039 2964 1312 2999 septemvannnrum
1336 2964 1404 2989 esse
1419 2960 1482 2997 jam
1497 2960 1634 3000 Scaliger
1647 2961 1734 2997 vidit,

307 2999 376 3037 fuga
392 2998 539 3039 Evagorae
555 2999 594 3029 ad
620 2999 782 3029 Acoridem
809 3000 865 3029 hoc
888 3011 964 3030 anno
988 3013 1004 3031 a
1039 3008 1069 3032 et
1085 3003 1115 3032 in
1131 3002 1331 3032 animadvers.
1347 3012 1378 3041 p.
1396 3005 1458 3033 114
1473 3004 1502 3034 b.
1519 3004 1642 3035 notavit.

307 3040 444 3072 Diodoro
461 3047 637 3078 enarratam,
654 3043 706 3072 sed
723 3042 779 3072 ita:
795 3042 901 3082 Cypri,
918 3053 1001 3082 paene
