1914 3314
523 215 1159 259 ΑΡΕΟΠΑΓΙΤΙΚΟΣ.

1465 211 1574 265 373

153 328 385 418 συλλόγοις
410 327 448 380 ἐν
474 325 532 387 οἱς
566 352 630 380 νυν
669 326 988 419 διημερεύουσιν·
1017 327 1126 379 ἀλλ’
1160 327 1198 380 ἓν
1225 323 1314 387 τοῖς
1353 324 1576 391 ἐπιτηδεύ-

479 401 490 414 ,
549 399 574 419 ’ξ’
604 401 615 414 ²

151 426 288 473 μασιν
305 400 461 473 ἔμενον,
475 427 514 454 εν
527 426 587 461 οις
599 402 885 468 ετοέχθησοιν,
895 401 1203 474 θαυμάζοντες
1217 426 1294 454 και
1316 404 1333 431 ¹
1347 401 1576 475 ζηλουντες

471 507 664 547 Ῑὸμιλοῦντες
676 508 714 538 Α.
726 509 763 538 C.
777 507 939 547 ὁμιλοῦντες
951 507 998 537 καὶ
1013 505 1203 547 θαυμάζοντες
1220 508 1255 537 L.

153 583 258 615 πολλαὶ
276 585 458 622 -γυναικῶν,
475 582 636 622 μουσουργοὶ
650 581 698 612 καὶ
711 581 841 622 αὗλητρί-

153 627 206 664 δες,
229 627 277 656 καὶ
306 627 414 666 ἑταῖραι
441 626 540 656 κάλλει
567 623 768 665 διαπςὲπουσαι
793 625 842 655 καὶ

153 667 340 710 ὄρχηστξῖδες.
349 669 450 699 XIII.
463 672 492 698 1.
505 667 666 707 αὐλητρίδες
677 673 706 697 et
715 667 791 698 αὐτὰ
803 669 842 697 τὰ

153 715 208 742 τῶν
218 711 364 752 μειρακίων
372 715 425 742 τῶν
439 711 515 741 κατὰ.
530 710 619 746 πόλιν,
631 721 664 740 ea
677 712 780 750 quibus
786 721 803 749 J
809 722 841 740 ιι

156 765 236 785 venes
249 756 355 785 urbani
366 754 502 785 delectari
513 753 614 784 solent.
645 754 733 792 Apud
746 755 843 783 Theo-

154 798 317 829 oritumld.
325 798 372 827 II.
382 799 454 827 146.
461 796 750 826 Simaethameretrix
759 807 842 826 suam

155 844 300 870 memorat
313 839 474 879 αὐλητρίδα.
497 840 602 868 IDEM.

197 882 238 912 Ἐν
251 883 311 916 τοῖς
324 882 452 916 τοιούτοις
472 881 653 918 συλλόγοις,
643 878 668 909 ἓν
683 878 719 914 οις
733 882 774 910 νῦν
789 880 843 910 διη-

153 924 324 965 μερεύουσιν]
336 924 449 963 Quales
458 923 661 960 intelligantur
667 927 845 956 conventus

154 978 172 997 e
187 968 264 996 iocis
278 966 376 996 allatis
386 965 458 995 satis
473 969 605 1004 apparet.
638 964 845 1004 Διημερεύουσ-ιν

153 1014 251 1040 nutem
280 1017 347 1038 oum
375 1007 510 1047 emphasi
536 1004 755 1054 accipiendum,
778 1011 845 1035 totos

152 1052 214 1081 dies
241 1051 420 1090 transigunt.
478 1048 575 1078 Simili
604 1048 633 1077 iu
666 1059 755 1078 causa
789 1049 844 1078 hoo

155 1095 248 1124 verbo
263 1093 355 1123 utitur
368 1092 478 1122 AElian.
494 1092 529 1120 V.
545 1092 586 1120 H.
602 1091 665 1120 III.
680 1094 730 1120 14.
775 1092 844 1120 Isu-

151 1136 339 1166 ιιι-0105110110
354 1146 444 1165 sensu
453 1133 657 1172 dediscipulis
669 1134 731 1163 suis
741 1144 843 1164 secum

153 1179 343 1218 degentibus,
364 1179 403 1208 de
429 1178 530 1207 Perm.
547 1176 574 1216 §.
589 1175 646 1211 κς·’.
657 1176 742 1209 *11βῖ
766 1178 842 1214 Quae

150 1221 210 1252 huc
226 1231 322 1260 usque
343 1221 425 1251 dicta
448 1224 517 1250 sunt
540 1219 639 1248 omnia
658 1219 696 1248 de
719 1219 842 1250 licenti-t

146 1265 316 1303 juventutis
342 1264 474 1293 illustrat
503 1262 661 1292 AEschines
693 1263 760 1292 adv.
791 1263 841 1292 Ti-

150 1308 301 1337 marchum
320 1305 371 1346 §.¹
354 1319 381 1336 ι.
402 1306 533 1335 referens
550 1304 589 1334 de
606 1306 720 1342 juvene
738 1305 842 1335 dedito

149 1351 215 1383 ταῖς
234 1349 407 1390 αἰσχίσταις
422 1348 533 1383 ἧδοναις,
549 1345 717 1386 ὄψοφαγίαις
731 1348 777 1377 καὶ
790 1358 841 1378 πο-

149 1392 302 1426 λυτελείαις
310 1391 426 1426 δείπνων,
434 1391 481 1420 και
488 1389 644 1429 αυλητρισι
654 1391 700 1419 καὶ
711 1388 843 1431 ἑταίραις,

149 1436 197 1464 καὶ
210 1435 312 1470 κύβοις,
326 1435 372 1464 καὶ
387 1435 448 1468 τοῖς
462 1433 568 1467 ἄλλοις,
582 1432 629 1472 ὑφ’
639 1429 675 1461 ὠν
684 1433 843 1474 οὐδενόςχρῆ

149 1477 314 1517 κρατεῖσθαι
324 1476 369 1508 τὸν
379 1477 495 1515 γενναῖον
503 1476 550 1505 καὶ
563 1473 715 1528 ἐλεύθερον.
735 1477 844 1507 IDEM.

190 1519 389 1559 Θαυμάζοντες
401 1519 447 1549 καὶ
462 1519 620 1558 ὁμιλοῦντες
632 1519 697 1552 τοὺς
706 1517 731 1548 ἓν
739 1519 846 1552 τούτοις

148 1562 351 1603 πρωτεύοντας]
384 1563 497 1592 Durius
527 1560 647 1590 videtur
668 1560 777 1600 ὄμιλειν
798 1573 844 1592 se-

149 1612 258 1644 quente
274 1606 465 1640 Accusativo,
481 1604 533 1643 qui
549 1603 689 1633 convenit
709 1604 752 1643 τῷ
772 1604 843 1634 θαυ-

150 1648 262 1687 μάζειν.
286 1649 367 1678 Hinc
393 1648 468 1677 varii
490 1648 693 1685 Interpretum
709 1653 844 1678 conatus.

151 1692 258 1721 Wotfii
279 1692 370 1720 verba
387 1691 450 1720 11ωο
473 1694 542 1719 sunt
566 1689 596 1718 in
613 1690 725 1720 Annot.
758 1694 766 1707 ‘
782 1691 846 1720 Ob-

150 1738 309 1763 serventur
323 1735 414 1763 verba
435 1733 567 1762 diversae
588 1732 843 1763 constructionis:

150 1775 295 1816 θαυμάζω
319 1786 353 1806 σε
374 1776 495 1811 dieitur,
519 1776 573 1805 sed
600 1775 692 1813 ὁμιλῶ
715 1787 757 1805 σοι
788 1786 846 1805 11011

150 1829 194 1848 σε.
216 1820 266 1849 >Et
284 1823 383 1848 tamen
399 1819 551 1848 Isocrates
576 1818 618 1846 sie
637 1817 770 1856 scripsit,
788 1819 846 1848 nisi

150 1862 227 1891 forte
249 1862 339 1901 culpa
361 1860 474 1891 librarii
501 1865 631 1890 mutatus
655 1860 695 1890 sit
722 1862 796 1890 ordo
818 1866 849 1891 et

153 1905 312 1944 legendum
329 1905 487 1945 ὁμιλοῦντες
501 1903 547 1932 καὶ
563 1902 760 1943 θαυμάζοντες
774 1905 848 1940 τοὺς,

151 1952 211 1976 etc.
223 1947 303 1986 qnod
317 1948 436 1977 omnino
451 1957 554 1976 verum
572 1956 638 1975 esse
655 1951 739 1984 puto.
777 1948 849 1977 Pius

152 1989 232 2018 enim
257 1994 305 2019 est
329 1989 483 2030 Θαυμάζειν
501 1998 588 2028 quam
604 1988 722 2026 ὁμιλεῖν,
736 1997 765 2019 et
782 2001 848 2029 gra-

153 2032 223 2062 vius
248 2033 372 2062 verbum
399 2038 483 2062 recte
508 2032 652 2071 sequitur.
688 2032 848 2062 Demosth.

153 2073 219 2114 πρὸς
232 2080 326 2104 Λεπτ.
341 2074 457 2106 Θηβαῖοι
476 2075 540 2109 τοὺς
550 2073 604 2113 μὲν
624 2074 737 2108 ἑαυτοὺς
750 2075 851 2113 ἀγαθόν

153 2129 183 2146 τι
204 2118 346 2151 ποιοῦντας
370 2117 446 2156 μήτε
468 2119 618 2157 τιμῶντες,
640 2121 718 2156 μήτε
737 2117 850 2158 θαυμά-

153 2159 267 2199 ζοντες.’
322 2158 486 2199 ’Ύμνοῦντες
521 2160 707 2196 Ruhnkenii,
741 2161 851 2200 ζηλοῦν-

153 2213 202 2236 τες
220 2203 431 2233 Vaickenaerii
452 2208 500 2233 est
526 2205 709 2242 conjectura,
733 2204 783 2243 qui
813 2206 850 2234 ad

156 2246 262 2285 Eurip.
275 2246 403 2286 Hippot.
423 2256 469 2276 vs.
490 2248 558 2276 106.
571 2247 608 2276 de
631 2247 662 2276 vi
676 2247 760 2277 verbi
783 2246 850 2278 Θαυ-

153 2288 254 2329 μάζειν
279 2299 335 2327 pro
365 2289 455 2319 cotere
479 2289 649 2328 disputans,
671 2289 760 2320 altato
783 2290 851 2321 loco

154 2332 367 2371 Isocratemp.
385 2334 455 2362 177.
472 2333 512 2362 D.
541 2332 624 2362 ‘iilic
646 2330 777 2375 (inquit)
797 2344 852 2373 pro

153 2374 326 2414 ὁμιλοῦντες,
341 2376 419 2413 quod
442 2375 470 2404 in
492 2374 714 2414 καθομιλοῦντες
740 2377 849 2406 mutari

154 2418 258 2453 nolim,
286 2417 477 2447 scribendum
499 2418 628 2447 arbitror
648 2419 792 2459 ζηλοῦντες
818 2425 850 2449 ut

132 2471 135 2473 ’
154 2460 260 2490 scribit
280 2470 311 2499 p.
328 2461 400 2491 175.
420 2462 461 2491 D.
481 2460 532 2490 τον
550 2461 670 2491 πλοῦτον
693 2460 850 2502 θαυμάζον-

155 2514 202 2538 τες
220 2504 268 2533 καὶ
285 2502 438 2543 ζηλοῦντες·
452 2514 482 2543 p.
496 2505 569 2534 344.
589 2505 623 2533 A.
637 2506 701 2539 τοὺς
713 2523 756 2528 —-
771 2513 851 2545 σοφι-

155 2547 231 2580 στὰς
255 2545 428 2586 ἐθαύμαζον,
456 2545 502 2576 καὶ
524 2547 588 2580 τοὺς
609 2547 737 2582 συνόντας
758 2548 852 2582 αὐτοῖς

154 2588 276 2630 ἐζήλουν.
308 2590 456 2619 Similiter
487 2588 646 2629 θαυμάζειν
680 2591 725 2620 καὶ
758 2589 852 2630 ζηλοῦν

156 2632 317 2662 Democrito
354 2634 522 2672 junguntur
557 2632 681 2672 aliisque
700 2645 707 2663 :
748 2634 851 2663 litera-

154 2685 220 2705 rum
244 2675 353 2705 ductus
370 2675 495 2715 propius
510 2675 627 2704 accedit
643 2676 671 2705 in
689 2677 850 2706 Isocrateis

154 2717 309 2756 ὑμνοῦντες.
337 2719 416 2757 quod
447 2719 545 2757 placet
573 2718 654 2748 Clar.
683 2721 720 2749 D.
745 2720 850 2748 Ruhn-

155 2759 266 2791 keuio.’
308 2764 452 2801 Τιμῶντες
467 2761 610 2799 Segaario
626 2761 764 2798 debetur,
779 2763 850 2791 Pro-

157 2803 264 2833 fessori
278 2805 425 2843 quondam
443 2804 749 2842 Riieno-Trajectino,
766 2806 851 2843 cujus

158 2850 257 2876 exstat
279 2847 430 2884 specimen
447 2847 698 2877 Observationum
721 2847 850 2877 Critica-

158 2898 221 2916 rum
236 2888 265 2917 in
287 2889 451 2919 Isocratem
471 2889 500 2918 in
518 2890 601 2920 Actis
627 2891 781 2920 Literariis
797 2891 851 2919 So-

159 2929 277 2959 cietatis
308 2932 615 2971 Rtneno-Trajectinae,
636 2934 673 2963 Τ.
700 2933 725 2963 ῐ.
752 2944 784 2973 p·
809 2935 851 2963 ‘73

160 2975 281 3003 —105.
329 2976 394 3004 Non
430 2975 586 3005 immemor
629 2977 850 3011 Vah-kenaerii,

160 3025 228 3052 pag.
241 3017 292 3046 93.
308 3016 351 3046 sic
370 3018 406 3046 ab
429 3019 560 3048 Isocrate
586 3019 727 3059 scriptum
746 3019 850 3049 existi-

877 583 990 617 mabat,
1013 585 1022 598 ‘
1038 581 1245 621 argumento(
1231 581 1282 621 (ut
1305 580 1364 622 ait)
1379 582 1437 612 loci
1454 593 1484 622 p.
1501 586 1572 614 ⁶277.

877 626 918 654 D.
940 623 1030 654 ἐκεῖνοι
1046 624 1073 655 δὲ
1098 636 1161 659 τους
1178 624 1314 657 τοιούτους
1332 628 1385 655 τῶν
1404 624 1484 664 ἔργων
1499 637 1573 666 στέω-

875 678 907 696 τε
910 666 1004 701 ὖοντας
1027 665 1192 702 Εελτίστους
1213 673 1280 697 εἰναι
1301 669 1356 697 τῶν
1380 667 1482 697 παίδων
1506 670 1572 699 ἑπο-

876 710 1068 749 λαμβάνουσι,
1083 709 1131 738 καῖ
1144 710 1283 750 μάλιστα
1306 713 1435 749 τιμῶσις
1457 712 1506 741 cui
1522 722 1571 741 ac-

875 753 967 788 cedit,
979 753 1057 792 quod
1070 752 1230 792 θαυμίιζειν
1240 754 1366 792 θῑτιμξίν
1375 754 1574 794 etiamjungit

875 795 905 824 in
923 796 1072 834 Panegyr.
1097 806 1127 834 p.
1156 798 1211 825 4⁰2.
1232 796 1267 824 E.
1291 796 1318 825 ει
1331 807 1378 830 τις
1405 797 1502 850 τιμώη,
1525 798 1573 826 και

877 837 1024 890 θᾶυμάζῦέ
1041 850 1083 877 μη
1102 838 1166 871 ’Τοὺς
1181 836 1303 891 'nid-rav?
1317 841 1372 870 Τῶν
1386 839 1472 876 λογων
1487 840 1569 880 ἄρχο-

875 879 982 918 μένους,
1003 881 1084 909 ἆλλιὶ
1109 881 1170 913 τοὺς
1200 880 1306 923 ἄξιστα
1339 881 1430 910 αὐτῶν
1455 880 1574 911 ἕκαστον

875 920 1043 961 εξεςγαζομε
1046 924 1122 954 νους.’
1163 920 1348 952 Postremum
1378 924 1496 953 tandem
1521 935 1573 952 κα-

875 963 1070 1003 θομιλοῦντες,
1100 965 1180 1002 quod
1209 964 1429 994 Valckenaerio
1464 966 1575 1005 displi-

876 1006 975 1035 cuisse
1009 1006 1154 1042 vidimus,
1183 1006 1297 1036 Comes
1332 1007 1476 1046 praetulit,
1510 1009 1572 1047 qni,

877 1049 1048 1079 memoratis
1061 1049 1243 1098 reliquorum
1257 1050 1454 1101 ooujecturis,
1467 1051 1572 1081 111Αά-

877 1091 983 1120 dendis
1002 1102 1031 1130 p.
1054 1093 1127 1122 334.
1159 1091 1300 1130 scripsit:
1332 1092 1408 1121 ςΚιιιι
1433 1092 1496 1122 ἔστι
1518 1105 1573 1133 μεν
1611 1098 1615 1101 ’

875 1134 983 1167 ἀληθὲς
997 1134 1031 1163 τὸ
1053 1132 1166 1165 &alm-:e
1182 1146 1252 1174 ἰο-ρος
1265 1134 1370 1165 δοτικὴν
1384 1134 1522 1175 φὲςεσὲαι
1538 1135 1572 1166 τό

874 1175 1012 1215 Ομιλεῖν·
1037 1176 1108 1207 οὗδεν
1127 1187 1160 1214 γε
1178 1178 1233 1215 μὴν
1256 1175 1382 1207 ἐνταῦθα
1405 1178 1501 1208 κωλύει
1523 1179 1571 1207 καὶ

875 1220 941 1258 πςός
967 1220 1126 1250 αἰτιατικὴν
1153 1218 1288 1258 συνάψαι,
1319 1221 1398 1249 κατὰ
1430 1220 1462 1250 τὸ
1488 1222 1571 1262 ωαρα

874 1264 958 1292 τοῦτο
982 1261 1107 1292 σύνθετον
1135 1263 1318 1301 Καθομιλεῖν,
1357 1263 1503 1304 αἰτιατικῇ
1537 1266 1573 1298 ὡς

875 1304 922 1335 ἐπι
946 1304 978 1334 τδ
1002 1307 1074 1335 πολὺ
1098 1305 1330 1344 συνταττόμενον,
1347 1307 1382 1340 ὡς
1407 1305 1572 1337 εδήλωσεν“
1560 1320 1572 1337 ο

876 1347 1014 1387 Στεφανος
1035 1347 1061 1377 ἐν
1084 1349 1127 1387 τῷ
1148 1349 1284 1388 Θησαυςῳ
1305 1348 1364 1389 (Β.
1379 1355 1442 1378 σελ.
1459 1350 1572 1390 1310).

871 1389 954 1425 Ἴσως
966 1389 993 1420 δὲ
1007 1391 1065 1426 και,
1081 1390 1279 1431 Θαυμάζοντες
1290 1403 1336 1421 και
1329 1390 1574 1432 καθομιλοῦντες,

875 1431 904 1463 ’ἦν
921 1435 935 1464 ἦ
951 1432 1058 1474 ἀρχαία
1073 1433 1185 1474 γραφή.’
1209 1434 1317 1470 Nobis,
1333 1435 1358 1464 si
1377 1435 1460 1473 optio
1475 1436 1574 1472 detur,

876 1476 1005 1515 reiiquis
1031 1477 1170 1506 omnibus
1192 1482 1334 1515 praestare
1350 1477 1471 1508 videtur
1486 1479 1574 1509 Valc-

877 1519 1057 1549 kenaeriana
1088 1522 1269 1559 conjectura,
1308 1531 1373 1559 quae
1405 1521 1573 1559 elegantem

878 1562 969 1592 efficit
996 1562 1219 1600 gradationem:
1258 1562 1386 1602 primum
1416 1564 1574 1594 admiratio

879 1605 1058 1639 exsistebat,
1079 1605 1189 1635 deinde
1206 1615 1243 1635 ex
1260 1606 1455 1636 admiratione
1470 1618 1572 1637 nasce·

879 1648 965 1677 batur
980 1647 1142 1677 aemulatio.
1186 1649 1252 1678 Nec
1270 1651 1368 1677 tamen
1391 1649 1455 1678 ausi
1471 1660 1574 1680 sumus

879 1701 942 1720 eam
960 1691 990 1720 in
1005 1696 1122 1720 textum
1150 1691 1296 1729 recipere,
1314 1701 1380 1720 oum
1397 1697 1426 1721 et
1443 1692 1575 1731 vulgaris

879 1733 970 1762 lectio
985 1733 1147 1772 ὁμιλοῦντες
1169 1743 1236 1762 sese
1261 1732 1337 1762 tueri
1359 1744 1447 1772 posse
1470 1735 1573 1765 videa-

879 1782 938 1811 tur,
954 1776 1020 1806 sive
1036 1786 1071 1805 ea
1088 1776 1215 1811 ratione,
1232 1786 1317 1815 quam
1332 1778 1444 1807 Coraes
1461 1778 1573 1813 attulit,

881 1818 946 1848 sive
961 1819 1017 1848 alia
1029 1819 1155 1858 quadam
1168 1819 1392 1855 observatione,
1403 1821 1457 1850 bac
1471 1832 1478 1850 :
1500 1821 1575 1850 duo-

881 1861 936 1890 bus
952 1862 1051 1891 verbis
1063 1861 1202 1891 diversos
1214 1872 1302 1891 casus
1316 1863 1490 1901 regentibus
1506 1874 1575 1893 cum

882 1914 941 1933 uno
957 1904 1144 1934 substantivo
1155 1904 1279 1943 junctis,
1295 1906 1510 1936 substantivum
1527 1907 1576 1936 vel

881 1947 1033 1986 propioris
1050 1947 1097 1976 vel
1115 1947 1285 1977 remotioris
1307 1958 1376 1978 casu
1394 1950 1474 1988 poni.
1508 1949 1576 1979 Pri-

882 1989 944 2018 oris
960 1989 1192 2019 constructionis
1208 1991 1348 2028 exempla
1359 1996 1427 2020 sunt
1425 1993 1576 2044 frequen-

881 2032 1010 2063 tissima.
1055 2032 1104 2062 Sic
1125 2033 1150 2072 §.
1173 2032 1228 2070 λγ’.
1254 2034 1399 2073 legimus:
1424 2034 1451 2065 ἣν
1465 2046 1578 2065 -επι-

882 2075 997 2115 Τίμῆσω
1035 2086 1082 2105 καί
1118 2087 1298 2116 Χατηγοξησᾱῖ
1333 2080 1387 2107 ’Τῶν
1423 2076 1580 2108 Ενὲστώτων

883 2119 1081 2158 πραγμάτων.
1124 2119 1199 2148 Nam
1222 2129 1378 2159 κατηγορειν
1390 2120 1578 2156 Genitivum,

883 2160 1023 2201 ἒπιτιμαν
1041 2161 1181 2191 Dativum
1198 2163 1343 2200 postulat.
1375 2162 1491 2192 Similia
1508 2169 1578 2194 sunt

884 2215 924 2234 ex
944 2206 1028 2234 Orat.
1056 2205 1094 2234 de
1117 2205 1218 2234 Perm.
1241 2215 1271 2242 p.
1286 2206 1358 2235 332.
1382 2207 1419 2235 E.
1443 2204 1580 2246 ἐπιτιμίἶν

883 2247 932 2276 και
974 2245 1131 2280 βασκαίνειν
1163 2248 1203 2276 τοὶ
1237 2249 1291 2276 τῶν
1317 2247 1423 2278 ἀλλων
1465 2249 1578 2279 Contra

886 2290 978 2329 Soph.
995 2300 1024 2329 p.
1045 2292 1118 2321 291.
1136 2291 1174 2319 Β.
1190 2288 1233 2325 τίς
1255 2292 1306 2330 γαρ
1327 2302 1373 2320 ουκ
1397 2302 1428 2321 αν
1443 2292 1578 2330 μισήσειε

886 2332 953 2371 ἅμα
981 2333 1028 2362 καὶ
1060 2333 1275 2372 καταφρονήσειε
1297 2351 1340 2355 —-
1360 2336 1413 2363 τῶν
1434 2334 1495 2374 περὶ
1524 2337 1579 2368 ταὶς

883 2374 967 2415 ἔριδας
994 2375 1192 2414 διατριβόντων.
1237 2377 1283 2405 De
1312 2378 1387 2406 Pace
1411 2387 1480 2416 pag.
1505 2380 1578 2409 161.

887 2420 920 2448 E.
955 2419 1018 2452 τοὺς
1051 2417 1280 2452 ἐπιπλήττοντας
1315 2418 1362 2448 καὶ
1391 2418 1580 2455 νουθετοῦντας

884 2462 969 2500 ὑμᾶς.
1005 2462 1121 2491 Etenim
1139 2460 1275 2491 νουθετεῖν
1297 2472 1364 2492 cum
1387 2463 1579 2500 Accusativo,

885 2510 917 2533 ut
931 2502 1008 2543 §.anfi
1029 2503 1214 2535 ἐπιπλήττειν
1236 2514 1302 2534 cum
1317 2505 1430 2536 Dativo
1445 2506 1516 2546 poni
1532 2517 1580 2536 so-

885 2548 936 2582 let,
954 2548 989 2576 ad
1003 2547 1123 2578 Nicocl.
1138 2558 1168 2587 p.
1185 2549 1236 2578 15.
1254 2549 1291 2577 Β.
1318 2548 1444 2578 Archid.
1460 2560 1492 2589 p.
1506 2550 1578 2580 135.

884 2592 919 2620 Α.
963 2591 1009 2620 De
1040 2591 1116 2620 Pace
1142 2601 1172 2628 p.
1198 2592 1268 2620 167.
1282 2591 1318 2621 C.
1356 2593 1452 2622 Laud.
1478 2593 1578 2622 Busir.

886 2643 915 2672 p.
931 2635 1003 2663 227.
1017 2633 1052 2663 C.
1097 2634 1173 2670 Quae
1194 2634 1290 2664 facere
1308 2634 1422 2673 possint
1440 2635 1476 2665 ad
1496 2646 1578 2666 com-

885 2676 1080 2705 mendandam
1116 2677 1272 2706 verborum
1302 2678 1578 2716 transpositionem,

885 2728 951 2758 quae
980 2719 1092 2757 placuit
1116 2719 1239 2750 Wolfio.
1296 2720 1477 2751 Posterioris
1506 2732 1578 2751 vero

885 2762 1126 2797 constructionis,
1141 2772 1199 2801 qua
1217 2763 1376 2793 remotiore
1398 2763 1466 2794 loco
1490 2764 1579 2803 positi

886 2805 969 2834 verbi
985 2815 1084 2835 casum
1111 2805 1329 2836 substantivum
1353 2811 1504 2846 sequatur,
1525 2818 1578 2837 ex-

886 2847 1015 2886 emplum
1042 2858 1109 2878 esse
1137 2848 1233 2886 possit
1272 2849 1319 2878 hio
1345 2854 1446 2879 noster
1474 2850 1576 2886 locus;

885 2900 1049 2930 quanquam
1075 2891 1168 2920 fateor
1190 2902 1225 2921 ea
1248 2901 1316 2921 esse
1338 2892 1498 2926 rarissima,
1522 2902 1578 2921 nec

886 2933 1004 2963 memini
1022 2943 1069 2962 me
1094 2934 1184 2963 ulium
1211 2944 1333 2972 usquam
1356 2934 1489 2963 invenire
1508 2934 1577 2963 huic

886 2976 972 3014 piane
986 2976 1101 3006 simiie:
1128 2977 1185 3006 nisi
1201 2977 1277 3006 forte
1288 2977 1344 3005 huc
1359 2977 1578 3015 quodammodo

884 3019 1032 3057 pertineat
1047 3019 1128 3050 istud
1145 3019 1345 3058 Theophrasti
1362 3019 1419 3056 mg}
1442 3017 1578 3059 ἀγροικίας
