1924 3314
499 198 562 240 IN
596 184 961 240 ISOCRATEM‘
992 195 1322 238 DIATRIBAE.
1595 197 1646 237 41

177 326 240 353 eos
258 314 338 365 qui,
350 313 539 365 Triginta
553 313 794 352 vocabantur
813 313 1022 353 constituti
1030 311 1213 362 fuerant.
1275 312 1469 351 Caeterum
1489 311 1534 350 de
1553 312 1652 350 viris

177 376 300 416 decem
328 378 397 429 qui
422 375 596 415 Athenis
617 377 741 415 creati
754 375 929 427 fuerunt
957 387 1074 426 quum
1093 374 1327 427 abrogatum
1350 375 1448 413 viris
1474 375 1649 426 triginta

177 443 272 478 esset
296 440 515 489 imperium,
536 443 574 477 et
592 439 638 477 de
665 438 747 477 illis
765 450 852 490 quae
882 442 1012 477 secuta
1039 442 1148 484 sunt,
1167 437 1274 476 dixit
1294 437 1526 477 Androtion
1545 437 1648 475 libro

178 503 309 540 tertio.
369 502 527 541 Horum
551 506 678 540 autem
704 500 829 539 decem
858 501 1165 552 magistratuum
1191 502 1350 552 quisque
1385 498 1648 538 Decaduclzus

175 563 402 611 vocabatur,
422 569 468 602 ut
488 563 634 614 Lysias
652 563 841 610 declarat,
864 563 906 601 in
926 563 1105 601 oratione
1119 575 1207 614 quae
1227 562 1466 601 inscribitur
1485 563 1567 613 περὶ
1585 566 1647 600 τοῦ

176 625 378 676 Διογένους
399 628 543 678 κλήρου.
601 625 676 664 Sed
699 625 855 664 videtur
873 625 1137 671 scribendum,
1157 626 1240 676 περὶ
1260 624 1300 662 δὲ
1326 627 1398 663 τῶν
1417 626 1510 662 κατά
1533 624 1646 661 κατ-ά-

175 691 302 727 λυσιν.
343 689 466 727 Immo
486 702 557 727 nec
578 691 672 726 κατά
689 688 783 726 satis
799 688 944 739 placet,
960 701 1090 726 verum
1110 688 1237 725 malim
1253 687 1361 736 μετά.
1419 686 1646 730 Quinetiam

176 750 214 788 iu
231 751 425 801 principio
446 750 563 801 hujus
580 749 879 796 observationis,
902 763 978 787 non
1001 750 1101 795 δέκα,
1125 749 1190 787 sed
1213 750 1246 786 οἱ
1264 749 1347 786 δέκα
1363 749 1450 799 (pro
1468 761 1515 785 eo
1536 747 1644 797 quod

175 811 304 850 Latini
320 812 498 850 dicerent
514 812 781 860 Decemviri),
801 811 991 860 scriptum
1012 812 1063 848 ab
1081 811 1394 860 Harpocratione
1414 810 1531 847 fuisse
1548 811 1646 847 veri·

176 875 297 912 simile
323 879 406 913 est:
438 886 558 923 quum
589 873 748 910 omnino
779 873 1002 923 requiratur
1029 872 1217 910 articulus
1242 876 1301 919 (ut
1331 872 1447 908 etiam
1478 871 1644 920 legimus

174 935 279 973 circa
307 935 544 986 principium
574 935 676 973 illius
705 942 962 986 παραγραφῆς
991 934 1172 971 adversus
1191 932 1498 972 Callimachum:
1528 929 1646 984 ἦρχον

173 997 243 1055 μὲν
262 1000 337 1049 γάρ
352 998 385 1035 οἱ
402 997 503 1042 δέκα,
523 998 557 1035 οἱ
571 1000 667 1047 μετά
684 998 769 1039 τοὺς
784 995 981 1047 τριάκοντα
997 996 1278 1041 καταστάντες),
1299 1007 1344 1032 ac
1359 994 1563 1032 verisimile
1581 996 1644 1041 sii,

173 1071 291 1107 quum
309 1059 411 1096 hunc
428 1066 564 1097 auctor
579 1056 827 1109 praefixisset,
843 1070 865 1094 a
886 1057 1072 1108 quopiam
1089 1057 1206 1094 fuisse
1228 1056 1440 1102 sublatum,
1456 1056 1564 1105 quod
1585 1069 1644 1094 or·

171 1121 300 1159 dinem
328 1120 618 1171 alphabeticum
647 1119 959 1169 interrumperet.
1016 1120 1069 1156 At
1098 1119 1135 1156 in
1158 1118 1323 1156 Panath.
1349 1118 1418 1155 ubi
1448 1130 1526 1155 non
1557 1117 1641 1156 δέκα

172 1183 413 1234 simpliciter,
437 1182 504 1221 sed
534 1182 621 1221 δέκα
646 1184 784 1234 μόνους
805 1181 944 1231 ἄνδρας
966 1181 1077 1228 dixit,
1104 1180 1242 1218 merito
1263 1179 1468 1218 articulum
1497 1179 1640 1218 omisit.

172 1245 354 1283 Fortasse
372 1251 500 1283 autem
521 1257 590 1295 pro
611 1244 836 1296 δεκαδοῦχος
857 1243 1081 1294 suspicetur
1102 1243 1292 1294 quispiam
1315 1241 1564 1281 scribendum
1585 1242 1641 1281 δε-

171 1306 373 1359 κάδαρχος.
432 1308 492 1345 De
521 1319 598 1357 qua
624 1306 844 1356 suspicione
867 1305 954 1344 vide
981 1318 1069 1356 quae
1095 1305 1274 1344 dicentur
1298 1305 1336 1343 in
1364 1305 1639 1343 observatione

170 1369 346 1420 proxime
366 1376 555 1420 sequente
576 1368 743 1407 nominis
763 1367 1005 1419 δεκαδαρχία.

223 1433 583 1480 ΔΕΚΑΔΑΡΧῙΑ,
601 1433 831 1483 Ἰσοκράτης.
851 1432 920 1474 τὰς
939 1430 1007 1483 μὲν
1027 1430 1099 1468 ὑπὸ
1118 1429 1431 1481 Λακεδαιμονίων
1451 1445 1642 1468 καταστα-

169 1494 304 1540 θείσας
323 1498 456 1534 πόλεσι
476 1494 722 1546 δεκαδαρχίας
743 1496 913 1545 συνεχῶς
935 1493 1186 1545 ὀνομάζουσιν
1206 1492 1239 1530 οἱ
1262 1492 1449 1542 ἱστορικοί·
1469 1492 1488 1530 ὁ
1508 1494 1639 1542 μέντοι

169 1557 384 1608 Ἰσοκράτης
404 1559 444 1597 ἐν
472 1562 520 1610 τῷ
545 1556 830 1609 Παναθηναϊκῷ
851 1558 987 1607 τρόπον
1007 1560 1092 1595 τινά
1113 1556 1321 1604 ἐξηγήσατο
1348 1555 1526 1605 τοῦνομα.
1549 1555 1638 1605 φησὶ

170 1623 245 1672 γάρ
274 1621 329 1659 ὅτι
362 1619 656 1672 Λακεδαιμόνιοι
685 1618 769 1657 δέκα
802 1619 919 1669 μόνον
948 1618 1101 1670 ἄνδρας,
1132 1621 1278 1667 κυρίους
1305 1615 1463 1663 ἑκάστης
1492 1617 1640 1659 πόλεως

168 1683 365 1729 ἐποίησαν.
381 1683 568 1724 Φίλιππος
582 1682 708 1731 μέντοι
725 1683 825 1731 παρά
840 1679 1049 1724 Θετταλοῖς
1069 1679 1319 1732 δεκαδαρχίας
1339 1681 1381 1716 οὒ
1397 1682 1638 1726 κατέστησεν,

167 1747 217 1788 ὦς
237 1745 454 1794 γέγραπται
475 1744 515 1782 ἐν
535 1747 583 1795 τῷ
609 1742 697 1794 ’έκτ-ῑρ
716 1741 949 1780 Φιλιππικῶν
968 1741 1249 1794 Δημοσθένους,
1271 1743 1374 1780 α’λλὰ
1396 1741 1637 1793 τετραρχίαν.

169 1807 488 1844 HARPocRAT.

216 1867 579 1912 ΔΕΚΑΔΑΡΧΙΑ,
601 1867 710 1919 apud
730 1867 950 1906 Isocratem.
991 1865 1192 1904 Histoi-ici
1211 1864 1373 1903 subinde
1392 1868 1531 1903 vocant
1553 1863 1638 1903 De—

166 1930 394 1970 cadarchias
414 1942 502 1981 quae
520 1944 544 1968 a
564 1929 874 1970 Lacedaemoniis
894 1928 1127 1967 constitutae
1146 1930 1242 1964 sunt
1261 1927 1304 1964 in
1326 1925 1514 1964 urbibus.-
1555 1925 1638 1964 Iso-

166 1997 293 2032 crates
319 2004 406 2030 vero
435 1993 479 2030 in
511 1992 739 2031 Panathen.
769 1991 995 2030 vocabalum
1025 1990 1096 2028 hoc
1128 1987 1409 2040 quodammodo
1441 1989 1635 2039 exposuit.

165 2054 305 2094 scribit
340 2055 444 2092 enim
472 2053 794 2093 Lacedaemonios
829 2064 1128 2105 unamquamque
1161 2050 1294 2089 urbem
1328 2051 1371 2087 in
1402 2054 1636 2101 potestatem

165 2119 340 2158 virorum
361 2117 483 2157 decem
509 2117 735 2157 tradidisse.
792 2117 1013 2168 Philippus
1040 2120 1166 2153 tamen
1194 2112 1304 2165 apud
1329 2112 1532 2151 Thessalos
1555 2125 1635 2151 non

166 2182 379 2220 constituit
408 2180 688 2222 decadarcliias
707 2181 780 2229 (ut
805 2180 1000 2232 scriptum
1030 2183 1085 2217 est
1112 2179 1154 2216 in
1179 2176 1366 2228 Philipp.
1396 2175 1463 2214 VI.
1488 2176 1634 2214 Demo-

165 2243 356 2292 sthenis),
375 2244 444 2284 sed
463 2242 731 2282 tetrarchiam.
775 2242 863 2281 Nisi
884 2242 984 2280 forte
1005 2240 1232 2291 τετραρχίαν
1253 2239 1291 2276 in
1308 2241 1534 2290 τετραρχίας
1555 2251 1637 2276 mu-

165 2307 329 2345 tandum
343 2308 430 2358 quis
450 2313 597 2345 censet.
637 2305 852 2356 Scripsisse
867 2317 985 2356 porro
1003 2302 1354 2354 Harpocrationem
1375 2301 1634 2353 δεκαδαρχίαι,

165 2381 242 2407 non
263 2368 506 2421 δεκαδαρχία,
525 2368 717 2415 existimo,
737 2367 849 2406 initio
871 2366 989 2417 hujus
1010 2378 1088 2405 suae
1102 2363 1399 2404 observationis.
1444 2364 1507 2402 Sic
1527 2370 1633 2402 certe

164 2431 268 2482 apud
288 2432 501 2470 Isocratem
515 2431 554 2469 in
575 2430 750 2468 oratione
769 2429 819 2468 ad
842 2429 1068 2480 Philippum
1085 2427 1273 2478 pluralem
1289 2438 1492 2465 numerum
1514 2425 1635 2465 habe-

164 2507 250 2532 mus
272 2495 312 2545 §.
330 2494 380 2545 μ’.
397 2492 456 2531 διὰ
475 2496 541 2537 τὰς
562 2492 811 2544 δεκαδαρχίας
832 2494 899 2535 τὰς
917 2492 976 2530 ἐπὶ
997 2489 1321 2542 Λακεδαιμονίων.
1381 2488 1468 2526 Nec
1489 2487 1632 2526 dubito

163 2556 258 2607 quin
288 2556 576 2607 Harpocration
610 2555 739 2593 locum
773 2555 878 2593 hunc
911 2553 1129 2604 significare
1165 2551 1348 2597 voluerit,
1381 2556 1500 2602 atque
1531 2550 1633 2588 adeo

163 2619 280 2669 hujus
295 2619 410 2658 etiam
426 2618 545 2669 ipsius
565 2617 749 2656 orationis
764 2630 905 2656 nomen
922 2615 1143 2654 addiderit:
1164 2614 1231 2666 qui
1251 2614 1417 2653 omissus
1433 2627 1453 2651 a
1473 2613 1632 2651 librario

162 2682 294 2721 fuerit.
359 2681 477 2726 Quod
507 2693 597 2718 vero
622 2680 761 2718 attinet
792 2680 841 2719 ad
873 2679 979 2717 illum
1003 2677 1284 2717 Panathenaici
1312 2677 1457 2723 locum,
1486 2675 1524 2714 in
1551 2688 1632 2725 quo

161 2745 297 2783 scribit
312 2744 526 2782 Isocratem
548 2741 842 2793 quodammodo
859 2741 1088 2779 vocabulum
1111 2739 1207 2779 illud
1229 2739 1480 2792 δεκαδαρχίας
1499 2738 1631 2786 ἐξηγή-

161 2809 313 2853 σασθαι,
340 2806 379 2844 id
409 2812 482 2853 est,
506 2805 735 2856 exposuisse,
762 2803 1061 2856 pulcherrimam
1090 2804 1177 2854 ejus
1207 2801 1522 2840 emendationem
1554 2811 1630 2836 una

160 2867 379 2919 eademque
404 2879 524 2918 opera
550 2866 664 2905 nobis
692 2867 932 2918 suppeditat.
990 2866 1122 2910 Quum
1143 2865 1246 2904 enim
1276 2878 1352 2903 non
1381 2864 1418 2902 iu
1446 2863 1519 2902 hae
1548 2874 1632 2899 mea

161 2936 312 2969 tantum
332 2929 504 2968 editione
530 2929 599 2967 sed
622 2929 659 2967 in
683 2928 766 2968 aliis
788 2942 948 2981 quoqne
969 2929 1155 2980 scriptum
1178 2928 1238 2975 sit,
1258 2929 1363 2967 ἀλλὰ
1383 2926 1468 2965 δέκα
1494 2927 1631 2976 μόνους

162 2991 302 3043 ἄνδρας
322 2992 480 3038 ἑκάστης
500 2993 642 3034 πόλεως
662 2991 860 3039 ἐποίησαν,
881 2990 966 3042 quis
989 2991 1135 3029 haerere
1156 2990 1219 3030 hic
1242 3003 1319 3028 uon
1339 2986 1531 3037 cogatur?
1576 2988 1632 3023 At

878 3073 905 3099 G
