1914 3314
780 187 1113 229 PRAEFATIO.
1585 192 1662 233 331

223 305 260 338 et
274 300 417 338 Rhodii
437 307 475 339 et
494 301 565 340 Coi
586 308 623 340 et
647 303 831 353 Byzantii,
848 304 987 354 aliique
1008 315 1138 341 eorum
1161 302 1268 348 socii,
1288 302 1431 340 bellum
1451 302 1506 341 eis
1525 303 1664 342 intule-

221 367 322 407 runt,
343 362 447 411 quod
478 364 496 400 ὁ
524 365 760 414 συμμαχικὸς
778 367 943 416 πόλεμος
963 365 1126 403 dicitur:
1158 364 1206 402 de
1227 377 1303 415 quo
1325 365 1402 414 agit
1422 365 1458 402 in
1493 366 1664 403 oratione

222 425 301 471 περὶ
318 424 488 474 εἰρήνης]
544 426 764 464 Fluctuavit
783 427 953 471 Wotfius,
983 434 1021 463 et
1051 427 1088 463 in
1111 428 1255 463 Aunot.
1276 425 1324 463 ad
1347 426 1474 463 locum
1502 431 1534 474 ξ.
1555 426 1595 464 δ’.
1615 427 1663 465 de

215 483 418 522 *Thebanis
437 493 567 535 aperte
598 487 721 524 fassus
750 494 808 524 est
839 495 1055 537 temporum
1073 488 1238 525 rationes
1270 487 1340 524 sibi
1371 500 1447 525 non
1469 488 1558 525 satis
1577 501 1663 539 per.

222 553 374 594 spectas
408 560 503 584 esse.
559 548 669 585 Alter
698 557 823 586 autem
855 549 919 587 ille
949 551 1128 599 scriptor,
1168 563 1280 599 quem
1314 549 1492 594 diximus,
1525 563 1662 588 aunnm

221 607 377 656 scriptae
393 608 576 646 orationis
593 609 811 647 accuratius
832 610 994 648 definire
1015 611 1188 648 tentavit.
1230 611 1372 648 Censet
1393 612 1472 660 Op.
1489 613 1515 648 l.
1537 625 1575 662 p.
1596 617 1661 652 87.

220 681 309 705 cum
343 676 500 719 propter
538 671 769 708 mentionem
799 672 1175 710 Lacedaemoniorum
1209 679 1345 710 contra
1376 672 1580 710 Thebanos
1602 674 1661 711 ab

219 730 522 768 Atheniensibus
548 732 686 769 auxilia
706 733 917 782 petentium
951 734 1055 782 (Vid.
1075 738 1104 781 ξ.
1127 734 1210 780 κη’.)
1244 741 1321 770 tum
1342 733 1588 783 epistolarum
1608 748 1663 773 re-

218 804 310 828 cens
328 805 349 828 a
370 792 509 830 Persiae
530 793 632 842 Rege
653 794 868 840 missarum,
889 796 925 831 in
948 796 1088 844 quibus
1110 796 1363 833 Athenienses
1384 808 1518 845 parum
1539 795 1660 833 hono-

217 851 324 889 rifice
343 859 573 891 tractaverat
591 858 638 900 (ξ.
659 856 727 898 λζ’.
752 856 788 891 in
811 855 884 902 f.);
916 856 1292 905 rationetemporum
1317 856 1459 901 habita,
1482 856 1658 906 scriptio-

215 926 301 950 nem
319 913 403 961 ejus
433 915 649 964 ponendam
676 929 757 952 esse
790 916 826 951 in
860 929 1000 952 aunum
1021 918 1069 952 A.
1093 917 1138 953 C.
1168 920 1258 953 368.
1281 917 1455 965 (laudans
1480 917 1528 954 ad
1556 919 1594 954 h.
1622 932 1656 956 a.

216 974 441 1024 usserium),
475 976 656 1013 Isocratis
687 976 872 1014 LXVIII.
919 977 1089 1027 Eamque
1111 978 1340 1014 sententiam
1360 985 1516 1015 secutus
1535 986 1593 1016 est
1619 980 1657 1016 in

215 1035 455 1073 conficienda
486 1037 636 1074 Tabula
669 1037 952 1088 Chronologica
973 1037 1146 1088 Operum
1177 1035 1275 1088 ejus,
1294 1052 1333 1088 p.
1353 1042 1442 1076 124.
1499 1040 1556 1076 Ex
1576 1053 1659 1079 mea

213 1097 367 1147 quidem
389 1099 578 1136 sententia
598 1098 737 1136 seriora
753 1106 841 1136 sunt
861 1099 974 1149 hujus
994 1100 1079 1137 libri
1101 1107 1288 1150 tempora.
1345 1100 1513 1138 Primum
1534 1101 1582 1139 de
1611 1115 1658 1140 eo

213 1159 360 1196 nullum
391 1159 549 1197 dubium
580 1166 651 1205 est,
679 1160 772 1208 quin
802 1164 832 1208 ξ.
854 1161 917 1207 κη’.
949 1161 1005 1199 uti
1038 1169 1076 1199 et
1098 1163 1146 1210 γ’.
1177 1161 1322 1199 mentio
1342 1160 1408 1199 fiat
1429 1169 1656 1213 temporum,

214 1233 302 1270 quae
323 1221 561 1259 Leuctricam
583 1234 767 1272 pugnam,
787 1234 876 1271 quae
894 1221 967 1259 fuit
986 1235 1085 1260 anno
1107 1225 1155 1260 A.
1171 1222 1218 1260 C.
1236 1226 1324 1263 371.
1340 1222 1509 1273 proxime
1527 1237 1660 1261 conse·

213 1289 305 1320 cuta
324 1289 424 1328 sunt,
453 1290 494 1321 ut
514 1296 584 1320 suo
605 1284 693 1321 loco
723 1283 951 1322 videbimus.
1008 1284 1080 1322 Sed
1105 1285 1153 1322 de
1181 1284 1356 1335 epistolis
1384 1284 1497 1334 Regis
1525 1285 1658 1323 Persa·

203 1359 308 1392 rum,
326 1347 415 1396 quae
430 1350 461 1394 ξ.
480 1345 547 1390 λζ.
566 1352 839 1392 memorantur,
859 1359 934 1383 non
968 1359 1076 1397 aeque
1104 1346 1280 1396 expedita
1301 1359 1358 1383 res
1379 1352 1451 1392 est,
1471 1351 1507 1382 et
1527 1346 1656 1384 nescio

202 1420 260 1445 >an
281 1420 441 1457 usquam
468 1407 571 1458 apud
593 1407 796 1445 historicos
825 1408 1060 1454 earumdem,
1081 1421 1176 1458 quas
1197 1408 1386 1445 isocrates
1412 1406 1655 1457 significavit,

214 1472 355 1507 mentio
374 1475 579 1508 occurrat:
611 1482 696 1506 nam
719 1469 858 1520 saepius
878 1469 1021 1507 accidit
1042 1476 1082 1507 ut
1102 1470 1220 1507 literae
1246 1469 1294 1506 ab
1320 1468 1384 1506 illo
1404 1468 1440 1506 in
1461 1469 1653 1507 Graeciam

212 1531 485 1582 perferrentur.
543 1531 683 1568 Verum
722 1544 966 1581 nequaquam
997 1531 1081 1569 haec
1110 1538 1199 1568 suut
1234 1529 1345 1568 unica
1381 1529 1534 1576 indicia,
1565 1544 1653 1581 quae

212 1593 321 1643 sequi
343 1593 379 1630 in
400 1593 472 1630 hac
489 1591 704 1643 quaestione
718 1598 784 1629 aut
800 1593 1001 1642 possimus,
1018 1597 1084 1629 aut
1105 1591 1326 1629 debeamus.
1383 1591 1526 1629 Contra
1543 1592 1654 1641 plura

213 1654 286 1692 alia
305 1654 458 1693 adsunt.
516 1654 666 1691 Mentio
685 1653 728 1691 fit
749 1657 782 1701 ξ.
805 1654 850 1691 α’.
882 1653 1001 1703 pacis,
1024 1666 1098 1703 qua
1129 1660 1229 1690 terra
1249 1652 1420 1701 marique
1440 1652 1653 1691 Athenien-

213 1715 309 1754 sium
330 1715 465 1754 civitas
482 1717 681 1760 utebatur;
704 1714 837 1752 classis
853 1715 1103 1753 ducentarum
1119 1714 1282 1764 amplius
1298 1713 1520 1759 triremium,
1539 1726 1651 1763 quam

206 1778 485 1828 ,possidebann
521 1777 709 1814 sociorum
730 1777 935 1814 multorum
966 1777 1012 1815 ad
1044 1790 1171 1827 opem,
1196 1775 1260 1813 ubi
1280 1788 1377 1825 opus
1395 1781 1510 1820 esset,
1529 1774 1654 1813 feren-

210 1839 296 1876 dam
317 1838 656 1888 paratissimorum,
673 1838 832 1875 aliorum
849 1838 992 1876 tributa
1013 1837 1278 1887 pendentium.
1309 1840 1340 1884 ς.
1362 1836 1414 1884 γ’.
1436 1836 1520 1873 coll.
1539 1840 1570 1883 ξ.
1584 1838 1653 1881 λζ’.

207 1900 375 1936 renovati
404 1899 481 1936 odii
512 1905 833 1948 contemptusque
863 1898 1090 1936 Graecorum
1120 1904 1157 1934 et
1184 1895 1394 1934 inimicitiae
1427 1909 1512 1933 cum
1544 1896 1650 1947 Rege

207 1960 420 1999 Persarum.
442 1965 471 2006 ξ.
493 1960 532 1998 δ’.
554 1961 772 1998 amissarum
807 1960 974 1998 omnium
995 1959 1172 1997 Thraciae
1207 1958 1419 2003 civitatum,
1454 1956 1594 2000 frustra
1613 1959 1650 1995 in

204 2021 460 2058 conductitias
479 2020 610 2070 copias
631 2028 951 2070 consumptorum
975 2020 1074 2057 mille
1093 2019 1257 2070 amplius
1277 2018 1522 2062 talentorum,
1544 2019 1649 2056 calu·

204 2081 389 2119 mniarum
413 2081 552 2131 quibus
582 2094 602 2118 a
625 2081 776 2118 Graecis
798 2082 1028 2131 petebantur
1045 2081 1312 2124 Athenienses,
1343 2079 1433 2116 belli
1469 2079 1650 2117 adversus

205 2143 407 2180 barbarum
430 2143 519 2188 orti,
539 2141 762 2180 auxiliorum
780 2142 1052 2180 Thebanorum
1080 2142 1211 2179 amicis
1231 2141 1309 2178 sive
1325 2139 1436 2178 sociis
1457 2142 1648 2189 praestito-

203 2217 299 2250 rum,
332 2204 489 2254 propria
518 2203 634 2253 culpa
660 2204 899 2252 perditorum
926 2211 964 2241 et
995 2204 1221 2240 amissorum
1257 2214 1411 2240 suorum
1444 2202 1647 2249 sociorum,

202 2267 371 2316 deniqne
395 2265 672 2305 sacrificiorum
691 2266 769 2303 laeti
789 2267 931 2311 nuncii,
950 2279 1036 2316 quae
1070 2267 1106 2303 in
1138 2272 1195 2303 tot
1220 2265 1414 2315 tantisque
1443 2263 1557 2302 rebus
1578 2264 1646 2302 ad-

203 2329 320 2367 versis
341 2328 537 2366 celebrata
554 2328 720 2366 fuerant.
752 2328 941 2366 Praeterea
957 2332 987 2375 ξ.
1009 2326 1070 2365 κὲ,
1087 2326 1258 2376 loquitur
1271 2327 1459 2363 Isocrates
1478 2325 1526 2363 de
1541 2338 1646 2363 com-

203 2390 377 2441 pluribus
398 2390 610 2427 orationum
630 2403 651 2426 a
673 2403 712 2427 se
732 2389 962 2434 habitarum,
984 2389 1020 2426 in
1042 2389 1184 2439 quibus
1199 2400 1331 2438 pravas
1348 2399 1557 2436 paucorum
1578 2387 1648 2424 im-

205 2453 416 2503 perantium
449 2451 683 2502 cupiditates
709 2452 1034 2502 reprehendisset,
1063 2464 1213 2501 aequam
1250 2448 1411 2500 reipubl.
1449 2449 1645 2499 popularis

203 2514 361 2551 formam
379 2513 622 2550 laudavisset.
652 2513 907 2562 Similiterque
921 2517 951 2563 ξ.
965 2511 1041 2559 λβ’.
1058 2519 1256 2562 postquam
1274 2510 1459 2560 superiori
1472 2510 1644 2555 dixisset,

202 2575 505 2613 Atheniensibus
523 2573 753 2611 studendum
775 2587 858 2611 esse
880 2587 954 2610 non
978 2580 1019 2610 ut
1035 2573 1210 2622 pessimis
1232 2572 1451 2609 t-:ominibus
1472 2572 1646 2609 meliores

201 2642 341 2681 essent,
353 2634 418 2673 sed
441 2648 486 2672 ne
513 2634 723 2683 majoribus
751 2635 920 2684 pejores,
941 2640 979 2672 et
998 2647 1083 2672 cum
1113 2634 1170 2671 his
1192 2633 1341 2671 virtutis
1361 2640 1555 2670 certamen
1572 2632 1644 2669 illis

201 2696 408 2735 ineundum
429 2711 524 2740 esse,
545 2697 703 2747 subjicit
723 2710 762 2734 se
783 2697 866 2735 haec
887 2710 963 2734 non
985 2709 1085 2734 nunc
1105 2696 1282 2746 primum,
1304 2695 1370 2733 sed
1393 2695 1533 2746 saepius
1547 2695 1643 2743 jam,

202 2766 240 2796 et
259 2760 295 2798 iu
316 2759 521 2797 multorum
542 2765 735 2796 conventu
756 2758 896 2796 dixisse
915 2771 923 2796 ζ
954 2760 1012 2794 καὶ
1029 2766 1157 2796 τοῦτον
1177 2758 1299 2807 εἴρηκα
1316 2758 1378 2795 τὸν
1394 2759 1510 2804 λόγον
1522 2758 1562 2793 οὺ
1579 2761 1644 2793 νῦν

204 2827 342 2870 πρῶτον
360 2822 462 2858 ἀλλὰ
481 2821 663 2863 πολλάκις
686 2819 751 2865 ἤδη
770 2822 829 2856 καὶ
848 2820 937 2870 πρὸς
956 2822 1134 2862 πυλλούς.
1191 2820 1366 2862 Quorum
1397 2818 1542 2855 ratione
1577 2817 1642 2853 ha-

205 2880 283 2918 bita
302 2889 438 2932 sponte
452 2896 498 2921 eo
515 2883 693 2920 ducimur
714 2889 752 2919 ut
775 2888 939 2920 statuere
959 2880 1183 2926 debeamus,
1204 2893 1291 2918 cum
1313 2881 1411 2917 hanc
1430 2878 1640 2916 orationem

204 2941 386 2981 scriberet
404 2944 609 2990 Isocrates,
624 2956 709 2980 eum
725 2943 804 2992 jam
828 2943 969 2980 multas
989 2942 1079 2992 quin
1100 2941 1330 2992 reliquarum
1349 2939 1545 2990 plerasque
1561 2937 1642 2974 edi-

205 3002 332 3059 disse:
361 3010 474 3054 atque
500 3005 598 3043 adeo
631 3018 705 3042 non
740 3010 884 3042 tantum
915 3012 1002 3053 post
1030 3003 1172 3041 editum
1208 3001 1498 3052 Panegyricum,
1531 2998 1641 3047 cujus
