1914 3314
281 225 387 279 370
765 224 1249 269 ΙΣΟΚΡΑΤΟΎΣ

278 365 365 398 νους
383 337 480 412 περὶ
507 336 609 399 1ἰ’ἢν
635 336 820 399 ἷππικῆν
839 335 916 389 καὶ
943 336 1006 388 τοὶ
1031 337 1260 407 ’γυμνάσια
1275 337 1353 390 καὶ
1380 338 1442 390 m*
1467 339 1702 404 κυνηγέσια
1719 369 1740 392 e

278 412 354 465 καὶ
372 411 448 467 viv
468 410 728 475 φιλοσοφίαν
746 411 1005 477 ἦνάγκασαν
1022 408 1271 486 daretem,
1286 411 1456 483 ὅρῶντες
1474 412 1523 464 ἔκ
1543 411 1705 464 τούτων

278 486 378 544 Τθῑὶς
414 484 491 555 μὲν
525 483 800 558 διαφέροντας
836 483 1128 554 γιγνομένους,
1165 484 1265 542 Τθῦς
1298 483 1339 536 δὲ
1370 485 1453 536 Τῶν
1477 485 1704 538 πλείστων

682 557 698 577 Ι

278 558 426 612 κακῶν
449 558 797 627 Ξοῖπεχομενους.

350 631 415 693 ιη’.
457 631 549 683 Καὶ
574 630 756 682 3ταῧτα,
772 628 1144 699 νομοθετήσαντες
1162 628 1283 682 4οὗὸἒ
1305 630 1376 682 τὸν
1391 631 1540 684 λοιπὸν
1558 631 1704 708 χρόνον
1719 651 1798 686 149

277 705 531 780 ὠλιγώρουν,
557 703 685 756 ἄλλα),
711 701 939 772 διελόμενοι
966 702 1043 764 τῆν
1065 701 1143 773 μὲν
1169 702 1299 755 πόλιν
1319 704 1444 756 noc-ro?
1463 705 1616 775 κώμας
1630 708 1705 767 τὴν

278 778 319 831 δὲ
341 777 488 853 χώραν
515 776 641 830 κατα).
667 774 816 847 δήμους
840 775 1024 842 ἐθεώρουν
1049 775 1124 829 τᾶν
1150 776 1247 837 βίον
1281 777 1354 829 τὸν
1389 777 1598 841 ἑκάστου,
1627 776 1704 831 καὶ

320 868 328 886 ¹
352 879 385 898 τε
401 869 438 898 Α.
455 868 490 898 C.
509 869 544 898 [ι.
721 864 735 882 ²
756 864 970 906 ἀποσχομένους
983 866 1020 895 Α.
1032 866 1070 896 C.
1082 867 1119 895 L.
1290 865 1303 884 ³
1325 865 1411 896 ταῦτ’
1427 867 1456 897 οὗ
1469 866 1561 907 νομοθ.
1575 868 1611 898 C.
1625 867 1664 898 L.

840 909 852 927 ⁴
875 908 902 937 οὐ
917 908 956 937 Α.
972 918 1032 938 om.
1048 909 1083 938 C.
1099 910 1134 938 1..

276 970 365 1001 sortis
386 969 473 1009 pueri
493 969 541 999 vel
563 968 764 1007 agriculturae,
788 967 836 997 vel
859 963 972 997 merca-
1007 978 1112 996 curare
1124 971 1156 996 ut
1169 967 1250 1005 leges
1261 968 1320 997 rite
1332 969 1542 1003 observentur,
1554 965 1724 1007 eleganter'

276 1020 361 1048 turae,
377 1013 422 1042 vel
439 1012 558 1051 opificio
574 1011 691 1040 cuidam
707 1020 829 1050 operam
848 1010 951 1038 darent
965 1019 973 1045 3
1007 1010 1096 1039 docet
1115 1010 1258 1048 Xenoph.
1271 1011 1378 1040 OEcon.
1395 1021 1425 1049 p.
1440 1012 1512 1040 845.
1530 1010 1566 1040 E.
1589 1012 1690 1042 lom.

278 1056 464 1085 honestiores
479 1060 509 1084 et
523 1054 738 1092 locupletiores
753 1052 895 1081 musicam
913 1056 971 1081 tra-

278 1103 360 1128 ctare
372 1103 402 1127 et
411 1097 544 1136 equitare
556 1097 722 1133 discerent;
735 1101 796 1125 tum
812 1100 841 1123 et
851 1104 974 1133 gymna-

277 1141 342 1175 siis,
357 1140 516 1175 venationi,
533 1144 563 1168 et
578 1144 760 1177 postremum
778 1137 974 1177 philosophiae

278 1183 445 1213 studerent.
464 1182 535 1211 Tria
547 1181 706 1220 priorailla
719 1181 755 1210 ad
767 1179 972 1209 fortitudinem

278 1225 310 1254 in
335 1225 416 1254 bello
441 1224 656 1258 referebantur,
682 1228 715 1252 ut
743 1222 818 1252 scite
841 1222 974 1251 wolfius

277 1268 403 1297 monuit.
462 1268 509 1296 De
539 1265 731 1304 Equitatione
755 1270 785 1294 et
811 1264 973 1293 venatione

279 1314 397 1340 constat
419 1319 435 1339 e
463 1308 573 1338 libellis
598 1307 842 1345 Xenophonteis.
886 1306 974 1335 Illius

279 1353 411 1382 studium
426 1352 579 1391 praecipue
594 1351 771 1380 cernebatur
781 1349 809 1378 in
820 1348 974 1387 quadrigis

278 1395 405 1429 alendis,
421 1404 487 1434 quae
502 1393 601 1423 currui
613 1395 820 1432 jungerentur,
833 1395 863 1420 et
874 1391 974 1429 publi-

279 1437 324 1467 cis
345 1437 568 1470 certaminibus,
586 1446 653 1465 v.c.
674 1433 857 1474 OlympicIS,
881 1433 976 1462 desti-

279 1484 428 1516 narentur,
447 1484 480 1509 nt.
499 1483 614 1508 constat
637 1476 807 1507 Alcibiadis
835 1476 974 1514 exemplo

279 1532 329 1562 ap.
346 1522 500 1552 Plutarch.
517 1532 547 1560 p.
557 1523 629 1551 196.
639 1519 678 1550 Β.
690 1525 720 1550 et
731 1521 827 1549 Isoer.
838 1518 876 1547 de
887 1517 975 1556 Bigis

280 1575 310 1603 p.
333 1567 406 1596 353.
427 1565 461 1594 C.
480 1566 528 1593 De
544 1562 710 1592 Venatione
731 1562 792 1590 vid.
806 1565 837 1590 et
866 1561 973 1589 Pollux

280 1608 315 1637 L.
334 1608 370 1637 V.
401 1606 498 1636 initio.
542 1605 706 1643 Gymnasia
734 1605 799 1634 sive
825 1602 973 1641 palaestrae

279 1654 364 1679 erant
388 1648 515 1680 Athenis
544 1648 609 1682 tria,
630 1648 775 1686 Lyceum,
796 1644 973 1681 Academia,

280 1693 488 1730 Cynosarges:
510 1691 549 1720 cf.
558 1690 650 1719 Fabri
666 1688 862 1727 Agonisticon
880 1689 904 1718 1.
921 1690 973 1718 1⁷.

278 1744 309 1773 p.
327 1736 397 1764 118.
413 1733 442 1763 in
459 1737 546 1763 nota:
579 1733 609 1762 in
633 1732 741 1771 quibus
763 1741 895 1770 quaenam
919 1741 973 1760 ex-

279 1776 379 1806 ercitii
402 1786 511 1815 genera
533 1776 712 1809 obtinerent,
728 1774 818 1803 docet
832 1773 973 1812 Antiqui-

279 1820 351 1848 tatis
360 1819 508 1854 doc-trina,
519 1823 549 1847 et
560 1817 664 1847 dedita
674 1827 766 1855 opera
775 1816 973 1855 pertractavit

279 1861 370 1891 Hier.
394 1861 584 1891 Mercurialis
607 1860 644 1889 de
667 1859 743 1889 Arte
768 1859 973 1898 Gymnastica.

280 1904 353 1934 vid.
370 1909 401 1934 et
415 1905 523 1934 Faber.
539 1902 565 1933 I.
578 1905 608 1932 5.
618 1905 648 1933 6.
691 1902 843 1931 Nonnulla
859 1900 974 1930 notavit

280 1948 372 1977 Doct.
397 1946 540 1976 Willetns
573 1945 609 1974 ad
631 1944 741 1985 ¹Galeni
765 1944 918 1983 Protrept.
943 1954 972 1983 p.

279 1991 332 2020 77.
347 1992 399 2021 ¹78.
414 1989 560 2028 Γυμνάσια
578 1987 624 2017 καὶ
645 1986 793 2024 κυνηγέσια.
817 1986 975 2024 conjunxit

280 2032 530 2063 etiambesbonax
546 2031 632 2060 Orat.
646 2029 710 2059 ΙΙΙ.
725 2029 759 2059 ad
778 2028 826 2058 fin.
872 2028 973 2057 Philo-

280 2075 394 2114 sophiae
408 2074 526 2104 nomine
539 2072 719 2111 intelligitur
732 2071 827 2100 omnis
839 2070 974 2100 liberalis

280 2117 429 2153 doctrina,
445 2127 510 2156 quae
525 2115 614 2145 animi
636 2115 750 2144 cultum
769 2118 896 2154 spectat,
913 2124 974 2142 me-

280 2160 431 2199 lioresque
447 2159 531 2189 cives
547 2158 629 2193 facit,
645 2157 833 2197 potissimum
850 2156 974 2185 dicendi

280 2213 338 2233 ars.
396 2203 434 2232 Id
449 2201 521 2240 'ipse
551 2202 704 2230 Isocrates
728 2198 878 2238 significat
905 2198 973 2228 loco

280 2245 384 2281 citato,
399 2245 459 2274 late
481 2245 519 2273 de
545 2241 736 2282 philosophia
761 2242 918 2279 disputans
942 2251 973 2279 p.

281 2290 321 2317 88
334 2305 375 2310 —
391 2289 441 2317 95.
485 2287 562 2316 Nam
583 2295 649 2324 quae
672 2288 779 2324 postea
793 2282 861 2312 κατ’
877 2282 975 2324 ἐξοχὴν

282 2330 531 2368 Philosophorum
552 2328 670 2359 Scholae
691 2326 820 2357 Athenis
845 2327 972 2361 fuerunt,

280 2372 400 2410 antiqua
424 2373 475 2401 illa
495 2377 595 2406 aetate,
611 2381 677 2409 quae
696 2370 837 2399 Solonem
861 2374 890 2397 et
910 2369 972 2398 Cli-

281 2415 415 2443 sthenem
437 2414 573 2454 proxime
589 2417 749 2443 consecuta
769 2418 827 2447 est,
843 2412 972 2440 nondum

281 2462 373 2486 erant.
415 2457 456 2485 Ea
468 2467 513 2486 res
527 2456 660 2485 Socratis
673 2456 790 2484 demum
801 2459 831 2483 et
844 2454 973 2483 Periclis

281 2502 368 2528 aetate
391 2498 527 2534 invaluit,
543 2497 594 2537 qui
618 2502 742 2536 uterque
761 2496 972 2534 Anaxagoram

281 2541 450 2576 audierunt,
477 2541 525 2570 hic
541 2541 628 2570 etiam
652 2540 803 2569 Zenonem
826 2539 972 2568 Eleatem.

281 2584 329 2614 Cf.
352 2583 506 2613 Plutarch.
530 2583 558 2612 in
577 2582 698 2612 Pericle
720 2592 751 2622 p.
775 2584 845 2611 154.
870 2581 908 2611 A.
932 2580 971 2611 Β.

280 2627 428 2656 Coeterum
440 2625 478 2655 de
489 2635 563 2655 voce
573 2623 722 2664 φιλοσοφία
734 2624 864 2653 conferri
874 2627 974 2662 potest

280 2668 388 2699 Morus
403 2668 439 2697 ad
452 2669 565 2706 Paneg.
588 2668 613 2707 ᾗ.
626 2666 662 2698 α’.
677 2672 707 2697 et
721 2666 768 2704 ιγ’.
791 2667 896 2697 Inmr.

321 2711 372 2741 Καὶ
385 2709 471 2739 ταῦτ’
483 2728 524 2734 -
539 2710 702 2750 ὠλιγώρουν]
736 2709 923 2739 Contrarium
942 2709 972 2738 in

279 2753 446 2794 aequalihus
473 2753 608 2791 apertius
633 2753 766 2790 increpat
789 2752 827 2781 de
847 2752 925 2781 Pace
942 2761 972 2790 p.

280 2799 352 2827 169.
367 2796 404 2826 C.
418 2794 568 2828 πλείστους
579 2794 606 2824 δὲ
619 2793 754 2832 τιθέμενοι
769 2793 875 2833 νόμους,
887 2793 973 2829 οὕτως

261 2836 366 2878 ,λίνον
380 2838 469 2868 αὐτῶν
483 2836 658 2877 φξοντίζομεν
674 2835 717 2877 (ἓν
739 2838 791 2875 γὰρ
806 2836 972 2870 ἀκούσαντες

278 2880 416 2920 γνώσεσθε
432 2880 478 2910 καὶ
494 2880 552 2919 περὶ
565 2881 619 2908 τῶν
633 2877 755 2918 ἄλλων),
766 2880 840 2908 ὧντε
854 2879 971 2909 θανάτου

277 2926 328 2958 τῆς
347 2923 451 2965 ζημίας
470 2921 639 2961 ἐπικειμένης
654 2921 681 2952 ἦν
702 2933 746 2955 τις
766 2921 826 2959 ἁλῷ
841 2921 970 2960 δεκάζων,

277 2969 340 3000 τοὺς
357 2968 440 2996 τοῦτο
451 2966 633 3006 φανερώτατα
643 2964 787 2997 ποιοῦντας
796 2967 971 3003 στξατηγοὺς

276 3010 489 3051 χιιςοτονοῦμεν,
500 3020 527 3039 ιι.
540 3020 569 3039 τ.
585 3014 613 3038 λ.
643 3005 736 3037 Bonae
747 3005 878 3036 civitatis
889 3017 967 3042 esse,

1051 1052 1209 1091 Διελόμενοι
1225 1054 1271 1083 τῆν
1286 1053 1340 1091 μὲν
1356 1052 1434 1082 πόλιν
1448 1064 1476 1082 κ.
1487 1065 1517 1082 τ.
1528 1052 1574 1092 λ.]
1599 1054 1646 1094 De
1657 1053 1703 1082 di-

1007 1094 1125 1124 visione
1149 1094 1262 1124 Atticae
1280 1096 1309 1124 in
1326 1096 1470 1134 populos,
1487 1095 1600 1135 δήμους,
1618 1106 1705 1125 nemo

1007 1137 1136 1171 dubitat,
1167 1138 1299 1176 satisque
1338 1138 1425 1176 plana
1459 1143 1528 1166 sunt
1557 1138 1656 1168 omnia
1685 1148 1702 1167 e

1008 1179 1138 1208 Meursii
1162 1180 1266 1209 libello
1292 1181 1329 1209 de
1352 1181 1408 1209 hoc
1438 1184 1627 1218 argumento,
1651 1179 1703 1208 cni

1008 1222 1208 1260 adjungantur
1225 1223 1379 1261 Excerpta
1395 1232 1432 1251 ex
1446 1222 1476 1252 J.
1491 1222 1595 1260 Spouii
1607 1222 1704 1252 Itine-

1007 1264 1086 1293 rario
1098 1265 1136 1293 de
1150 1264 1237 1302 Pagis
1247 1263 1370 1299 Atticis,
1383 1265 1518 1303 subjecta
1532 1264 1612 1293 illius
1626 1265 1704 1294 'rhe-

1009 1316 1081 1335 seo:
1106 1311 1138 1335 ut
1155 1307 1291 1336 videatur
1305 1307 1468 1346 significari
1485 1307 1632 1337 institutio
1652 1309 1706 1338 τῶν

1008 1348 1171 1388 δημάρχων,
1201 1359 1327 1388 quornm
1353 1354 1417 1378 erat
1443 1359 1528 1379 sunm
1557 1359 1704 1389 quemque

1007 1389 1094 1429 δῆμον
1106 1401 1283 1425 convocare,
1300 1391 1329 1420 in
1343 1392 1483 1430 suffragia
1495 1391 1626 1428 mittere,
1634 1402 1704 1422 cen-

1009 1442 1075 1461 sum
1089 1443 1180 1470 agere
1195 1434 1232 1462 ad
1250 1433 1395 1463 tributum
1411 1433 1625 1469 definiendum,
1640 1435 1703 1473 pri-

1009 1480 1145 1504 vatorum
1175 1478 1362 1505 exactionem
1387 1475 1557 1511 instituere,
1585 1482 1705 1507 caetera.

1008 1517 1078 1546 vid.
1096 1518 1199 1548 Schol.
1218 1517 1377 1557 Aristoph.
1398 1518 1436 1546 ad
1456 1518 1574 1554 Nubes,
1588 1529 1635 1548 vs.
1652 1521 1705 1549 37.

1009 1560 1121 1589 Pollux
1139 1561 1233 1590 VIII.
1250 1563 1323 1591 108.
1372 1559 1512 1590 Bekkeri
1535 1560 1652 1591 Anecd.
1667 1561 1706 1592 V.

1008 1603 1036 1632 I.
1049 1613 1080 1642 p.
1094 1605 1166 1633 237.
1211 1603 1410 1642 Etymologns
1421 1608 1452 1632 et
1467 1603 1618 1642 Harpocr.
1631 1603 1661 1632 in
1674 1615 1704 1634 v.

1007 1644 1150 1686 δήμαρχος
1157 1650 1187 1675 et
1196 1645 1369 1685 ναυκςαξικά.
1400 1645 1461 1675 Sed
1472 1646 1594 1676 urbisin
1604 1646 1705 1685 κώμας

1007 1687 1180 1718 distributio
1200 1688 1378 1727 interpretes
1401 1688 1536 1722 vexavit,
1557 1699 1573 1718 e
1594 1689 1704 1729 quibu's

1006 1730 1147 1760 Wolfiuin
1164 1733 1256 1769 φυλὰς
1271 1731 1440 1770 legendum,
1452 1731 1600 1769 Langinm
1614 1741 1703 1761 voca-

1006 1773 1075 1803 bula
1101 1773 1318 1812 transponenda
1347 1774 1500 1803 censuisse
1525 1773 1702 1805 monuimus.

1007 1816 1049 1845 Ut
1065 1816 1205 1845 universa
1218 1816 1302 1854 regio
1318 1814 1421 1844 Attica
1441 1825 1512 1845 suos
1526 1815 1638 1854 δήμους,
1658 1816 1702 1846 sio

1006 1857 1073 1896 ipsa
1096 1857 1279 1887 Athenarum
1303 1859 1372 1887 urbs
1388 1868 1458 1888 suas
1472 1859 1572 1897 κώμας
1586 1858 1700 1895 habuit,

1007 1910 1023 1929 a
1033 1900 1151 1929 Theseo
1162 1900 1241 1931 itain
1254 1910 1343 1930 unum
1354 1907 1562 1940 congregatas,
1571 1905 1616 1936 ut,
1631 1902 1701 1931 sub-

1007 1942 1076 1971 latis
1091 1942 1274 1982 singularum
1296 1943 1445 1976 conciliiS.
1463 1953 1552 1973 unum
1569 1943 1700 1974 omnium

1008 1991 1090 2014 esset
1116 1995 1275 2015 commune
1307 1984 1503 2024 Βωλευτήξιον,
1532 1986 1702 2016 communia

1003 2027 1128 2065 judicia,
1144 2027 1282 2057 Athenis.
1329 2028 1393 2057 Res
1412 2028 1486 2059 satis
1508 2033 1577 2058 nota
1594 2039 1610 2058 e
1633 2028 1700 2058 loco

1008 2070 1134 2099 classico
1154 2069 1340 2110 Thucydidis
1356 2071 1400 2100 11.
1420 2071 1469 2100 15.
1512 2071 1570 2101 Cff.
1585 2076 1614 2100 et
1625 2071 1700 2102 Plu-

1008 2113 1102 2141 tarch.
1118 2112 1148 2141 in
1174 2113 1289 2142 Theseo
1306 2123 1336 2151 p.
1355 2115 1406 2142 10.
1426 2114 1462 2143 Ε.
1477 2117 1506 2142 et
1522 2123 1567 2152 sq.
1582 2118 1613 2143 et
1634 2113 1701 2143 Iso·

1008 2160 1105 2184 crates
1121 2155 1186 2193 ipse
1202 2155 1230 2184 in
1247 2155 1318 2184 Hel.
1333 2165 1361 2193 p.
1372 2157 1442 2185 214.
1459 2155 1495 2184 E.
1525 2155 1608 2185 Hinc
1622 2155 1700 2186 sorte

1007 2208 1056 2227 res
1071 2198 1251 2236 explicanda
1266 2202 1324 2232 est,
1340 2197 1363 2226 si
1385 2197 1503 2235 quidem
1522 2197 1702 2238 Areop'agus

1008 2244 1072 2269 erat
1087 2240 1217 2269 omnium
1233 2249 1405 2278 supremum
1420 2239 1562 2270 tribunal.
1603 2241 1701 2270 Caete·

1008 2292 1072 2311 rum
1083 2283 1152 2320 quid
1162 2283 1349 2311 statuendum
1359 2282 1410 2317 sit,
1420 2288 1469 2311 ant
1482 2282 1520 2311 de
1532 2282 1661 2312 Suidain
1672 2293 1701 2313 v.

1008 2324 1147 2364 Κωμηδᾶν·
1162 2324 1218 2354 ἔνιοι
1230 2325 1292 2357 τοὺς
1306 2323 1331 2353 ἒν
1340 2324 1377 2365 τῇ
1387 2324 1473 2360 πόλει
1484 2324 1587 2362 δόμους
1601 2326 1703 2364 κώμας

1007 2367 1080 2406 φασὶ
1101 2366 1363 2407 πςοσαγοξεύετθαιτ
1385 2367 1483 2396 autde
1496 2368 1701 2398 Grammatico

1008 2408 1146 2439 Bekkeri
1162 2410 1199 2438 V.
1218 2409 1244 2439 I.
1262 2420 1290 2448 p.
1307 2412 1378 2439 274.
1404 2409 1514 2449 Κῶμαι·
1526 2411 1565 2440 τὰ
1574 2409 1703 2450 faigm-5:⁴4·

1008 2451 1135 2485 πόλεωςῆ
1147 2454 1201 2485 τὰς
1215 2452 1389 2492 ἇκξοπόλειςτ
1412 2458 1461 2482 aut
1470 2453 1508 2482 de
1518 2453 1586 2491 ipso
1598 2453 1702 2483 Meur-

1008 2495 1066 2530 sio,
1090 2495 1178 2532 hujus
1200 2495 1344 2524 lsocratei
1367 2494 1427 2524 loci
1453 2494 1632 2524 anctoritate
1646 2496 1702 2525 do-

1007 2542 1105 2572 cente,
1125 2541 1132 2554 ⁸
1146 2542 1300 2576 utramque
1320 2544 1433 2576 partem
1456 2536 1576 2578 (urbem
1597 2541 1628 2567 et
1650 2537 1702 2567 Pi-

1007 2580 1132 2617 raeeum)
1149 2580 1177 2608 in
1188 2581 1289 2619 κώμας
1305 2589 1374 2609 suas
1388 2579 1578 2609 distributam
1594 2579 1701 2615 fuisse,

1009 2629 1040 2652 ut
1067 2623 1096 2651 in
1123 2622 1224 2661 δήμους
1246 2627 1338 2651 totam
1360 2620 1534 2661 regionem,’
1557 2621 1594 2650 de
1618 2622 1702 2653 Fort.

1007 2665 1114 2695 Athen.
1128 2667 1162 2694 C.
1179 2665 1225 2694 11.
1245 2665 1283 2705 in}
1299 2665 1432 2694 Gronov.
1451 2664 1542 2693 Thes.
1559 2664 1594 2693 T.
1610 2665 1647 2694 V.
1669 2675 1701 2704 p.

1008 2709 1100 2739 169.-3.
1137 2707 1305 2737 doctiorum
1339 2706 1457 2746 judicio
1491 2705 1701 2746 relinquimus.

1007 2752 1112 2781 lusu.

1047 2791 1182 2832 Ἐθεώρουν
1190 2791 1236 2822 τᾶν
1243 2790 1299 2825 Βίαν
1314 2789 1359 2820 τὶν
1370 2790 1493 2821 ἑκάστου
1501 2808 1543 2813 -
1554 2789 1699 2833 ἐκόλαζεν]

1007 2835 1145 2866 Valerius
1157 2835 1307 2864 Maximus
1319 2834 1363 2863 ΙΙ.
1374 2835 1405 2864 6.
1427 2837 1447 2850 “
1460 2834 1511 2863 Est
1525 2838 1554 2863 et
1564 2835 1701 2873 ejusdem

1005 2879 1087 2908 urbis
1115 2877 1335 2907 sanctissimum
1365 2875 1535 2912 consilium,
1563 2877 1701 2916 Areopa-

1003 2931 1080 2959 gus3
1103 2920 1154 2950 nbi
1175 2920 1247 2959 quid
1270 2918 1396 2958 quisque
1423 2924 1537 2958 ageret,
1558 2923 1608 2949 aut
1627 2929 1700 2958 quo-

1003 2964 1079 2993 niam
1095 2968 1209 3001 quaestu
1227 2965 1452 2996 sustentaretur,
1468 2961 1698 3001 diligentissime

1002 3006 1110 3045 inquiri
1134 3005 1267 3034 solebat:
1292 3008 1324 3033 ut
1346 3003 1478 3034 homines
1502 3004 1698 3040 honestatem,
