1924 3314
493 211 656 253 ΠΕΡΙ
714 211 1223 254 ΙΣΟΚΡΑΤΟΤΣ.
1512 208 1582 256 53

141 329 235 379 μετὰ
257 328 399 381 μικρὸν
424 329 501 400 ἐρῶ
521 352 591 374 —‚
612 327 703 369 οὐδὲ
724 330 798 376 τὴν
820 325 1009 369 σύνθεσιν
1033 326 1291 370 ἐπιδείκνυται
1317 331 1391 378 τὴν
1416 332 1587 383 φυσικὴν

144 387 206 424 καὶ
236 383 363 438 ἀφελῆ
391 387 452 424 καὶ
487 385 725 439 ἐναγώνιον,
756 384 888 438 ὥςπερ
918 384 943 431 ἡ
975 387 1143 434 Λυσίου,
1176 385 1288 426 ἀλλὰ
1318 389 1588 440 πεποιημένην

141 439 307 492 μᾶλλον
328 443 384 486 εἰς
407 441 628 490 σεμνότητα
648 458 854 494 πομπικην
882 443 944 481 καὶ
967 441 1171 490 ποικίλην,
1192 446 1255 483 καὶ
1275 448 1329 490 πῆ
1355 446 1427 495 μὲν
1449 444 1588 498 εὐπρε-

143 499 337 551 πεστέραν
366 496 531 547 ἐκείνης,
560 503 614 545 πῆ
643 495 683 538 δὲ
710 498 1031 552 περιεργοτέραν·
1062 500 1084 539 ὁ
1115 498 1197 553 γὰρ
1229 497 1332 553 ἀνὴρ
1364 499 1484 547 οὗτος
1514 501 1588 549 τὴν

144 553 320 594 εὐέπειαν
347 555 387 594 ἐκ
413 554 569 601 παντὸς
599 551 725 595 διώκει
752 557 815 595 καὶ
839 557 910 594 τοῦ
936 553 1164 609 γλαφυρῶς
1190 554 1324 610 λέγειν
1349 555 1590 610 στοχάζεται

142 608 351 661 μᾶλλον
328 629 352 657 η
371 613 442 650 τοῦ
464 609 641 665 ἀφελῶς.
672 612 754 651 τῶν
773 628 813 651 τε
833 611 914 665 γὰρ
938 613 1180 664 φωνηέντων
1198 612 1273 659 τὰς
1288 611 1589 667 παραλλήλους

143 666 330 715 θέσεις,
309 685 364 714 ως
385 665 567 714 λυούσας
586 667 660 714 τὰς
682 666 879 721 ἁρμονίας
893 670 976 708 τῶν
997 667 1115 722 ἤχων
1134 671 1196 709 καὶ
1215 687 1289 716 την
1309 667 1491 716 λειότητα
1505 672 1589 711 τῶν

144 723 350 777 φθόγγων
370 721 680 777 λυμαινομένας,
701 729 955 778 παραιτεῖται·
979 722 1151 778 περιόδῳ
1177 742 1217 765 τε
1245 728 1308 766 καὶ
1328 724 1460 779 κύκλῳ
1481 742 1589 780 περι-

144 777 376 834 λαμβάνειν
394 780 442 820 τὰ
460 782 639 833 νοήματα
656 783 836 833 πειρᾶται
848 778 1079 833 ῥυθμοειδεῖ
1096 782 1204 821 πάνυ
1225 800 1286 822 και
1308 783 1356 822 06
1372 781 1516 822 πολὺ’
1498 784 1591 825 arr(-

146 853 264 890 χοντι
290 838 361 876 τοῦ
390 840 596 884 ποιητικοῦ
623 837 783 890 μέτρου,
806 835 1077 889 ἀναγνώσεώς
1101 853 1142 876 τε
1163 836 1329 888 μᾶλλον
1351 839 1589 892 οἰκειότερός

145 894 251 932 ἐστιν
272 911 296 939 η
314 889 486 944 ῥήσεως.
509 892 714 946 τοιγάρτοι
733 892 808 938 τὰς
827 894 900 944 μὲν
922 889 1127 939 ἐπιδείξεις
1146 890 1220 939 τοὶς
1239 894 1281 933 ἐν
1303 918 1311 932 ι
1299 897 1389 939 -αῒς
1409 896 1592 948 πανηγύ-
1623 893 1625 895 θ

144 965 229 1018 ρεσι
250 951 312 988 καὶ
332 949 406 996 τὴν
427 949 466 988 ἐκ
492 948 630 1003 χειρὸς
657 950 833 1001 θεωρίαν
854 949 1046 1002 φέρουσιν
1074 949 1198 989 αὐτοῦ
1219 967 1256 989 οι
1277 948 1416 1003 λόγοι,
1436 951 1534 996 τοὺς
1555 948 1589 991 δ’

144 1005 186 1045 ἐν
207 1003 433 1051 ἐκκλησίαις
448 1008 512 1045 καὶ
533 1002 840 1059 δικαστηρίοις’
823 1022 938 1058 αγαη
942 1022 992 1051 ας
1008 1005 1094 1070 οὐχ
1109 1005 1368 1057 ὑπομένουσι.
1389 1007 1534 1046 τούτου
1557 1005 1591 1048 δ’

143 1078 287 1111 αιτιον,
306 1062 365 1101 ὅτι
381 1059 489 1101 πολὺ
509 1062 554 1102 τὸ
575 1062 832 1109 παθητικὸν’
819 1079 860 1102 εν
881 1063 1045 1109 ἐκείνοις
1062 1062 1160 1102 εἶναι
1176 1059 1246 1109 bec,
1259 1066 1379 1102 τοῦτο
1401 1060 1434 1103 δ’
1449 1062 1591 1110 ἥκιστα

144 1114 298 1186 δέχεται
320 1115 523 1172 περίοδος·
549 1119 589 1159 αι’
613 1135 654 1158 τε
681 1136 761 1172 γαρ
786 1118 1081 1173 παρομοιώσεις
1102 1136 1164 1159 και
1187 1120 1430 1173 παρισώσεις
1454 1123 1515 1160 καὶ
1543 1138 1591 1160 τα

144 1172 329 1217 ἆντιθετα
358 1192 422 1215 και
450 1177 532 1222 πᾶς
553 1177 576 1215 ὁ
599 1176 681 1216 τῶν
706 1176 901 1216 τοιούτων
926 1175 1148 1229 σχημάτων
1173 1176 1326 1227 κόσμος
1354 1175 1524 1223 πολύς’
1511 1194 1591 1217 εστι

143 1230 237 1285 παρ’
258 1231 378 1285 αὐτῷ,
400 1234 463 1272 καὶ
483 1230 604 1272 λυπεῖ
622 1230 826 1279 πολλάκις
852 1232 927 1280 τὴν
946 1231 1085 1279 ἄλλην
1107 1250 1350 1281 κατασκευην
1370 1233 1592 1287 προσιστά-

141 1304 266 1339 μενος
285 1293 373 1335 ταῖς
397 1288 551 1336 ἀκοαῖς.

198 1342 253 1397 γ’.
293 1343 493 1386 Καθόλου
525 1343 565 1387 δὲ
599 1347 721 1400 τριῶν
756 1347 904 1395 ὄντων,
936 1347 992 1393 ὥς
1023 1354 1120 1400 φησι
1152 1346 1431 1400 Θεόφραστος,
1459 1341 1502 1393 ἐξ
1535 1347 1593 1388 ὧν

142 1403 294 1454 γίνεται
315 1402 361 1442 τὸ
381 1403 484 1455 μέγα
509 1406 572 1442 καὶ
593 1403 743 1454 σεμνὸν
765 1419 828 1442 και
854 1402 1041 1455 περιττὸν
1062 1403 1104 1441 ἐν
1122 1400 1243 1448 λέξει,
1263 1408 1335 1449 τῆς
1355 1419 1395 1442 τε
1417 1402 1593 1456 ἐκλογῆς

141 1458 225 1498 τῶν
245 1458 460 1509 ὀνομάτων
487 1475 549 1498 και
576 1463 648 1504 τῆς
674 1459 714 1498 ἐκ
733 1458 890 1497 τούτων
912 1457 1113 1511 ἁρμονίας
1140 1461 1203 1498 καὶ
1230 1460 1313 1498 τῶν
1334 1457 1591 1514 περιλαμβα-

143 1514 302 1554 υόντων
319 1513 420 1553 αὐτὰ
436 1514 673 1567 σχημάτων,
689 1512 839 1567 εκλέγει
853 1517 926 1567 μὲν
947 1521 989 1554 εὐ
1006 1515 1114 1555 πάνυ
1136 1532 1198 1555 και
1216 1514 1266 1554 τὰ
1287 1515 1476 1568 κράτιστα
1498 1516 1593 1556 ὀνό-

141 1587 245 1621 ματα
265 1570 480 1618 ϊίὲιησιν,ε
463 1571 647 1623 αρμόττει
668 1566 702 1610 δ’
725 1570 825 1610 αὐτα
845 1572 1068 1644 περιέργως
1087 1571 1162 1619 τὴν
1184 1570 1388 1624 εὐφωνίαν
1408 1573 1594 1614 εντείνων

143 1644 357 1678 μουσικην,
380 1626 614 1681 σχηματίζει
635 1645 673 1668 τε
699 1628 913 1681 φορτικῶς,
935 1631 997 1668 καὶ
1017 1626 1066 1668 τά
1092 1626 1233 1668 πολλὰ
1255 1630 1407 1682 γίνεται
1426 1629 1594 1683 ψυχρὸς

144 1682 168 1730 ἢ
188 1685 245 1737 τῷ
264 1681 481 1737 πόῤῥωθεν
508 1681 681 1737 λαμβάι
686 1701 741 1724 ειν
761 1683 786 1731 ἢ
805 1685 862 1737 τῷ
886 1684 939 1736 μὴ
968 1685 1175 1738 πρέποντα
1202 1683 1301 1725 εἶναι
1326 1685 1376 1725 τὰ
1405 1687 1594 1740 σχήματα

142 1744 230 1787 τοῖς
259 1740 469 1794 πράγμασι
492 1740 556 1792 [ἠ]
580 1738 644 1780 διὰ
672 1741 718 1780 τὸ
744 1741 798 1792 μὴ
827 1757 984 1793 κρατειν
1008 1744 1080 1780 τοῦ
1105 1743 1281 1794 μετρίου.
1309 1745 1432 1781 ταῦτα
1459 1744 1595 1794 μέντοι

143 1799 205 1837 καὶ
226 1798 474 1851 μακροτέραν
495 1797 602 1850 αὐτῷ
621 1801 726 1837 ποιεῖ
744 1797 818 1844 τὴν
840 1795 952 1843 λέξιν
972 1795 1190 1843 πολλάκις·
1214 1795 1323 1850 λέγω
1345 1795 1386 1837 δὲ
1404 1798 1453 1837 τό
1471 1816 1512 1838 τε
1539 1801 1595 1846 εἷς

142 1849 391 1907 περιόδους’
377 1853 629 1908 εναρμόττειν
651 1852 811 1893 ἅπαντα
831 1853 878 1893 τὰ
902 1870 1080 1905 νοηματα
1106 1856 1168 1894 καὶ
1193 1853 1240 1894 rb
1260 1858 1348 1900 τοῖς
1369 1853 1510 1901 αὐτοῖς
1529 1856 1594 1895 τύ·

142 1926 238 1957 ποις
256 1911 340 1950 τῶν
361 1910 585 1965 σχημάτων
608 1910 683 1957 τὰς
704 1906 920 1963 περιόδους
940 1907 1264 1964 περιλαμβάνειν
1286 1913 1348 1950 καὶ
1375 1911 1421 1951 τὸ
1443 1908 1595 1952 διώκειν

143 1967 183 2007 ἐκ
200 1966 356 2013 παντὸς
380 1985 455 2015 την
476 1965 713 2020 εὐρυθμίαν.
735 1966 783 2007 οὐ
806 1967 924 2021 γὰρ’
911 1965 1068 2007 ἅπαντα
1096 1963 1265 2034 δέχεται,
1287 1964 1378 2006 οὔτε
1402 1973 1529 2019 μῆκος
1548 1969 1595 2009 rb

144 2022 256 2072 αὐτὸ,
284 2020 374 2062 οὔτε
402 2029 538 2077 σχῆμα
563 2024 609 2064 rb
638 2021 944 2077 παραπλήσιον,
966 2021 1056 2063 οὔτε
1084 2021 1247 2076 ῥυθμὸν
1273 2023 1347 2063 τὸν
1375 2022 1482 2069 ἰ’σον,
1505 2023 1596 2070 {bea-⁹

145 2078 302 2133 ἀνάγκη
333 2078 688 2134 παραπληρωμασι
714 2078 866 2126 λέξεων
896 2077 1015 2121 οὐδὲν
1043 2078 1294 2133 ὠφελουσῶν
1323 2081 1502 2133 χρῆσθαι
1531 2084 1596 2121 καὶ

145 2134 416 2188 ἀπομηκύνειν
421 2137 543 2205 πέρα
562 2140 633 2177 τοῦ
658 2139 863 2191 χρησίμου
884 2137 956 2178 τὸν
981 2135 1130 2207 λόγον.
1157 2135 1267 2189 λέγω
1290 2132 1324 2175 δ’
1347 2135 1430 2213 οὐχ
1454 2136 1511 2183 ὡς
1532 2134 1595 2177 διὰ

143 2192 299 2240 παντὸς
319 2192 442 2234 αὐτοῦ
462 2197 584 2234 ταῦτα
604 2196 824 2241 ποιοῦντος
839 2217 896 2222 -——
910 2193 993 2247 οὐχ
1008 2193 1113 2233 οὕτω
1135 2194 1330 2245 μαίνομαι
1344 2204 1412 2220 —·
1433 2210 1495 2233 και
1515 2193 1596 2247 γὰρ

145 2251 359 2323 ‹ruyrffincri
384 2267 462 2290 ποτ
466 2247 658 2304 ’ἀφελῶς
682 2250 730 2290 τὰ
761 2251 939 2303 ὀνοματα
962 2268 1024 2289 και
1047 2248 1133 2289 λύει
1161 2250 1236 2296 τὴν
1263 2246 1457 2302 περίοδον
1485 2249 1596 2303 εὐγε-

146 2307 229 2352 νῶς
251 2324 314 2346 και
334 2306 383 2346 τὰ
404 2308 597 2360 περίεργα
617 2308 806 2360 σχήματα
828 2325 890 2347 και
912 2306 1078 2360 φορτικὰ
1101 2306 1249 2359 φεύγει,
1272 2308 1333 2345 καὶ
1356 2303 1569 2356 μάλιστα’
1555 2324 1597 2347 εν

145 2367 232 2409 τοῖς
254 2360 620 2416 συμβουλευτικοῖς
639 2381 679 2404 τε
701 2366 763 2403 καὶ
785 2361 1002 2409 δικανικοῖς
1022 2361 1184 2416 λόγοις,
1208 2360 1304 2402 ἀλλ’
1325 2361 1382 2435 (Ξκς
1402 2363 1463 2403 ἐπι
1486 2361 1597 2403 πολὺ

145 2421 201 2473 τῷ
219 2417 366 2473 ῥυθμῷ
386 2417 658 2467 δουλεύοντος
677 2423 738 2461 καὶ
763 2422 819 2474 τῶ
838 2419 970 2473 κύκλῳ
989 2424 1059 2465 τῆς
1079 2415 1270 2473 περιόδου
1290 2421 1352 2459 καὶ
1373 2419 1420 2459 τὸ
1439 2417 1598 2467 κάλλος

145 2481 217 2523 τῆς
245 2474 542 2530 ἆπαγγελίας’
528 2494 570 2517 εν
589 2479 645 2530 τῶ
670 2479 841 2531 περιττῷ
859 2477 1069 2528 τιθεμένου
1097 2475 1331 2529 κοινότερον
1354 2474 1486 2529 εἴρηκα
1507 2480 1597 2530 περὶ

147 2532 286 2573 αὐτοῦ.

203 2587 253 2630 δ’.
287 2589 401 2630 Κατὰ
429 2587 478 2637 δη
503 2592 625 2630 ταῦτα
651 2593 750 2643 φημὶ
776 2591 850 2637 τὴν
870 2587 1132 2642 Ἰσοκράτους
1158 2585 1271 2633 λέξιν
1297 2586 1508 2629 λείπεσθαι
1527 2594 1599 2636 τῆς

148 2647 316 2694 Λυσίου,
333 2648 396 2686 καὶ
417 2645 470 2687 ’ἐτι
489 2663 585 2686 κατα
601 2647 675 2694 τὴν
696 2646 833 2701 χάριν.
852 2647 976 2686 καίτοι
991 2662 1039 2699 γε
1061 2643 1278 2698 ἀνθηρός’
1265 2662 1388 2693 εστιν,
1405 2661 1434 2685 ει
1451 2647 1515 2686 καί
1534 2663 1598 2692 τις

146 2701 295 2750 αλλος,
324 2721 385 2744 και
414 2702 632 2756 ἐπαγωγὸς
661 2700 789 2757 ἡδονῆ
817 2720 898 2743 των
929 2700 1196 2756 ακροωμένων
1223 2700 1475 2755 Ἰσοκράτης,
1500 2700 1598 2752 ἀλλ’

148 2760 222 2801 οὐκ
240 2759 322 2814 ἐ’χει
340 2760 414 2807 τὴν
434 2759 560 2807 αὐτὴν
580 2759 704 2831 χάριν
726 2761 870 2812 ἐκείνῳ·
891 2762 1089 2799 τοσοῦτον
1110 2756 1143 2799 δ’
1164 2757 1287 2798 αὐτοῦ
1303 2756 1479 2798 λείπεται
1501 2776 1597 2798 κατα

148 2817 295 2864 ταύτην
314 2834 389 2864 την
410 2815 570 2871 ἇρετην,
589 2817 691 2856 ὅσον
710 2818 792 2857 τῶν
813 2816 927 2869 φύσει
948 2813 1086 2856 καλῶν
1102 2815 1302 2867 σωμάτων
1322 2832 1369 2854 τα
1391 2831 1598 2868 συνερανι-

181 2902 282 2934 -Ἐπιδ,
298 2906 346 2935 τὴν
360 2903 510 2943 φυτικῆνΓ
513 2910 555 2933 Ic.
569 2902 754 2933 ἐπιδείκνυται
768 2910 852 2940 <pua-a-
889 2913 993 2942 parum
1018 2903 1162 2937 usitatus,
1185 2913 1275 2941 quem
1298 2902 1436 2931 intellexi
1453 2906 1483 2930 et
1497 2900 1594 2930 verli:

151 2947 206 2976 κήν.
230 2948 316 2977 Gon.
891 2946 1038 2976 lectionem
1051 2947 1210 2984 placidam.
1234 2946 1370 2975 Auem.

193 2989 246 3018 Τῆν
267 2987 297 3018 ἐκ
314 2989 404 3029 χειρὸς
421 2988 548 3029 θεωρίαν]
576 2989 688 3018 Modus
708 2987 854 3026 loquendi
