1924 3314
657 223 1218 267 ΠΑΝΗΓὙΡΙΚΟΣ.

1559 221 1661 274 173

227 363 306 391 κοιι
339 363 416 400 την
450 362 552 430 περι
580 361 680 397 τους
715 336 873 405 λόγους
908 334 1190 437 φιλοσρφίοιν,
1228 335 1273 387 εἶ’
1302 360 1369 395 τις
1382 362 1551 426 τιμωη
1583 361 1663 390 και

229 410 458 483 θαυμαζοι
489 412 552 482 μὴ
579 436 677 471 τους
702 412 898 481 πρώτους
925 411 1009 463 τῶν
1036 407 1196 478 ¹'s'p‘ywv
1224 408 1506 484 ἅρχομενους,
1532 411 1664 464 οἷλλοέ

231 510 331 545 τους
373 487 540 577 ἀξια-τοι
589 486 732 538 αὑτων
775 484 964 538 ἕκαστον
1000 482 1377 557 ἓξεργαζομενους,
1418 483 1522 552 μηδε
1566 509 1666 544 τους

162 583 328 650 4371·th
372 559 534 612 τούτων
572 559 867 652 ζητουντοις2
876 560 1020 625 λέγειν
1057 582 1153 649 περι
1196 583 1248 610 ων
1284 556 1431 627 μηὲεις
1467 558 1666 654 πρότερον

658 633 671 652 X

231 631 406 727 εἴρηκεν,
433 633 564 686 οἱλλοέ
593 658 694 693 τους
717 631 849 692 οὕτως
876 656 1191 703 επιστοιμενους
1218 631 1352 685 εἶπειν
1376 657 1430 691 ως
1460 631 1644 692 ουδεις
1611 642 1664 685 ἀν

229 707 374 766 ἀλλος
399 706 583 760 Sume-to.

305 780 368 843 β’.
409 782 572 834 Κοιιτοι
606 806 714 840 τινες
748 781 988 852 ἓπιτιμωσι
1028 805 1113 832 των
1145 780 1288 846 λόγων
1316 805 1404 839 τοις
1433 779 1544 866 tivi-ee.
1569 783 1666 842 τούς

232 854 445 914 iffawroeg'
424 878 574 921 εχουσι
601 878 679 906 κοιι
703 855 806 906 λιαν
831 852 1221 944 ἀπηκριβωμέναις·
1244 877 1323 904 και
1349 877 1554 906 τοο-ουτον
1579 853 1666 917 διη-

229 928 512 1000 μαρτήκασιν
546 951 652 986 ωςτε
684 950 783 986 τους
810 950 916 994 προς
942 926 1189 1002 ὑπερβολὴν
1214 950 1537 996 ’πεπονημενους
1563 952 1668 1003 προς

399 1049 409 1070 ¹
432 1051 519 1091 λόγων
533 1052 572 1083 Α.
586 1052 623 1082 C.
639 1053 676 1083 L.

231 1144 349 1184 opinor.
375 1144 469 1175 Mon.
492 1143 637 1180 Minime;
661 1143 693 1174 ἂν
705 1143 782 1173 enim
795 1143 831 1173 ad
846 1142 932 1177 οὕτως

229 1193 262 1216 et
276 1187 434 1226 λαμβάνειν
446 1187 635 1216 referendum
656 1192 713 1222 est,
729 1187 773 1216 uti
789 1186 819 1216 in
838 1186 930 1216 orati-

229 1239 287 1259 one
299 1230 337 1260 de
351 1235 510 1269 permutat.
523 1229 608 1270 §.132
623 1230 747 1270 ἡγοῦμαι
758 1229 886 1270 τάχιστ’
901 1229 933 1259 Ξιν

229 1273 372 1310 ἀφεῖσθαι
393 1274 445 1307 τῆς
467 1271 547 1311 δόξης
568 1272 686 1307 ταύτης.
715 1273 788 1302 vid.
806 1274 931 1302 Dawes.

222 1315 405 1345 Miscellan.
423 1315 491 1345 crit.
506 1326 537 1355 p.
550 1317 604 1345 64.
619 1316 670 1346 ed.
684 1315 786 1355 Lips.,
796 1315 932 1345 Matthiae

228 1359 363 1388 Gramm.
379 1369 410 1398 p.
427 1360 513 1392 879„
525 1359 679 1388 Schaeser.
690 1359 720 1388 M
729 1358 848 1388 eletem.
862 1357 931 1388 crit.

227 1411 260 1440 p.
274 1403 326 1433 60.
343 1402 378 1431 L.
393 1404 423 1431 1.
437 1400 576 1440 ἀφεῖσθαι
590 1401 780 1431 retinendum
798 1406 858 1435 est,
874 1401 933 1430 Co-

224 1454 295 1483 raes
308 1449 413 1473 contra
425 1445 514 1474 codd.
532 1445 621 1474 fidem
637 1443 772 1484 ἀφέσθαι.
799 1445 931 1475 8ΡΟΗΝ.

263 1486 442 1527 Φιλοσοφίαν]
455 1488 587 1517 Auctore
599 1487 745 1517 Cicerone
757 1487 794 1517 de
804 1488 857 1517 Or.
867 1488 932 1517 111.

230 1531 282 1560 16.
308 1535 376 1559 ante
397 1531 552 1560 Socratem
574 1534 596 1548 “
613 1530 712 1560 omnis
735 1540 833 1560 rerum
853 1531 933 1569 opti·

229 1583 341 1602 marum
360 1572 505 1610 cognitio,
525 1577 615 1612 atque
633 1573 661 1603 in
682 1572 720 1602 iis
742 1572 932 1609 exercitatio,

229 1615 443 1654 plrilnsophia’'
457 1615 608 1645 nominata
627 1620 691 1646 est:
716 1622 746 1645 et
764 1617 855 1645 docet
871 1620 932 1645 tra-

229 1658 323 1688 ctatio
336 1663 470 1688 veterum
483 1659 672 1698 scriptorum,
687 1659 825 1688 omnibus
839 1658 933 1688 disci-

230 1701 321 1742 plinis
344 1701 400 1730 hoc
421 1712 528 1732 nomen
546 1711 706 1731 commune
730 1701 838 1731 fuisse.
882 1702 932 1731 Sic

229 1744 306 1773 enirn
328 1744 455 1773 Pnnatli.
473 1743 499 1784 ξ.
514 1742 546 1774 η’.
562 1744 591 1773 αῖ
614 1743 775 1783 φιλοσοφίαι
797 1744 844 1773 καὶ
867 1755 933 1775 παι-

229 1786 297 1816 δεῖαι
314 1788 369 1816 τῶν
385 1786 490 1824 ἄλλων,
508 1787 670 1825 disciplinae
687 1797 757 1826 quas
771 1787 824 1816 alii
838 1787 933 1817 colue-

228 1835 311 1864 runt,
333 1828 470 1859 doctriua
492 1829 619 1859 aliorum
639 1830 776 1868 cujusvis
800 1830 932 1869 generis.

231 1872 407 1912 Hesychius
420 1872 450 1901 in
466 1872 621 1913 φιλόσοφος
636 1873 725 1902 etiam
741 1873 872 1902 musicos
887 1872 930 1902 sic

230 1915 400 1954 appellatos
417 1925 485 1945 esse
502 1916 606 1945 tradit.
630 1916 667 1945 V.
684 1908 752 1946 Ce‘l.
770 1916 931 1946 Ruhnken.

1180 1048 1192 1068 ²
1213 1061 1242 1080 τι
1257 1048 1345 1089 λ.γειν
1360 1051 1397 1080 Α.
1410 1051 1447 1080 C.
1459 1051 1493 1081 L.

966 1153 1049 1173 mero
1062 1153 1129 1182 usu,
1141 1145 1321 1183 πρακτικῶς.
1345 1144 1388 1174 Η.
1399 1144 1566 1184 Stephanus
1580 1145 1670 1175 diatr-

966 1188 996 1216 5.
1018 1187 1048 1215 in
1074 1187 1166 1216 lsocr.
1191 1197 1222 1225 p.
1246 1187 1299 1216 97.
1324 1187 1493 1227 ubicunque
1516 1189 1669 1218 Isocrates

966 1228 1134 1268 φιλοσοφίαν
1150 1234 1305 1264 memorat,
1320 1229 1450 1269 intelligi
1461 1234 1548 1269 putat
1559 1232 1607 1262 τὴν
1617 1242 1669 1262 πο-

966 1273 1075 1302 λιτικὴν
1097 1272 1273 1311 φιλοσοφίαν,
1292 1273 1448 1309 hactenus,
1467 1279 1512 1309 nt,
1535 1274 1587 1312 qui
1604 1284 1669 1303 eam

967 1319 1077 1350 teneat,
1093 1316 1191 1354 possit
1207 1320 1238 1344 et
1253 1315 1434 1352 deliberare,
1455 1320 1485 1345 et.
1500 1316 1622 1355 alloqui,
1640 1322 1670 1346 et

967 1368 1056 1396 agere
1071 1368 1137 1397 quae
1151 1358 1210 1387 sint
1222 1358 1318 1388 utilia.
1341 1359 1436 1389 Mon.
1457 1360 1520 1388 cfr.
1533 1360 1669 1390 wielan-

968 1401 1011 1430 dii
1028 1401 1179 1430 observat.
1196 1400 1225 1430 in
1239 1401 1428 1432 Mus-Attio.
1443 1402 1529 1432 Tom.
1545 1403 1572 1431 I.
1590 1404 1624 1432 P.
1640 1403 1670 1432 Ι.

967 1454 998 1482 p.
1014 1445 1067 1475 ¹74.
1091 1450 1121 1474 et
1147 1444 1226 1474 adde
1250 1444 1317 1474 init.
1344 1450 1421 1475 orat.
1446 1445 1482 1474 ad
1510 1445 1671 1476 Demonic.

969 1488 1057 1516 Hanc
1074 1487 1112 1516 ob
1128 1497 1248 1516 causam
1264 1492 1347 1517 recte
1363 1485 1540 1526 colnprobat
1556 1488 1670 1518 Coraes

967 1530 1127 1559 lectionem
1144 1541 1208 1559 var.
1225 1530 1255 1559 in
1272 1541 1338 1569 cap.
1354 1532 1384 1561 5.
1406 1530 1490 1560 illius
1514 1531 1670 1568 orationis,

967 1583 1034 1611 quae
1056 1584 1110 1612 pro
1136 1584 1165 1603 v.
1188 1571 1333 1613 φιλοπονίᾳ
1357 1573 1508 1614 φιλοσοφίᾳ
1533 1575 1669 1612 praebet;

968 1616 1123 1645 Isocrates
1136 1616 1214 1646 enim
1227 1617 1252 1656 §.
1266 1615 1298 1646 δ’.
1310 1617 1447 1646 dixerat:
1471 1619 1555 1656 πειρῶ
1570 1617 1603 1647 τὸ
1617 1617 1672 1656 μὲν

967 1661 1055 1697 σῶμα
1067 1657 1131 1688 εἶναι
1143 1658 1297 1697 φιλόπονος,
1307 1660 1354 1689 τῆν
1366 1658 1394 1689 δὲ
1407 1657 1501 1700 ψυχὴν
1511 1661 1671 1700 φιλόσοφος.

970 1701 1100 1731 Lexicon
1122 1701 1304 1731 rhetoricum
1319 1703 1349 1732 in
1363 1701 1500 1732 Bekkeri
1518 1703 1669 1733 Anecdot.

968 1745 1068 1773 Graec.
1085 1744 1152 1773 Vol.
1166 1745 1192 1773 1.
1209 1755 1242 1783 p.
1257 1746 1332 1775 314
1355 1744 1551 1784 φιλοσόφημα·
1573 1744 1669 1776 {wirzi-

969 1798 1042 1827 ημα,
1059 1786 1247 1827 τεχνίτευμα.
1272 1789 1402 1818 Sponx.

1011 1831 1076 1879 Τοῖς
1091 1828 1159 1868 ὑπὲρ
1175 1841 1205 1859 τ.
1220 1829 1238 1857 ἲ.
1256 1828 1371 1871 ἔχουσι]
1399 1832 1513 1860 Sensus
1534 1835 1591 1866 est,
1611 1833 1672 1865 τοῖς

969 1870 1138 1913 ὑπεξεχουσι
1153 1883 1218 1906 τους
1229 1872 1354 1909 ἰδιώτας,
1367 1884 1427 1914 quae
1437 1880 1574 1912 superant
1586 1875 1670 1904 intel-

971 1915 1121 1956 ligentiam
1136 1921 1162 1945 et
1182 1916 1253 1945 vires
1268 1916 1460 1951 indoctorum,
1475 1916 1636 1946 alienorum
1652 1930 1670 1947 a

231 1958 267 1987 ad
285 1959 313 1988 h.
323 1958 345 1987 l.
356 1963 388 1987 et
400 1959 433 1987 S.
447 1959 485 1988 V.
501 1958 621 1988 Ernesti
633 1959 671 1988 de
682 1958 876 1998 philosophia
889 1957 935 1988 vi·
960 1940 1112 1998 facultate
1128 1958 1253 1993 (licendi,
1272 1967 1333 1998 quoe
1353 1959 1441 1999 tulgi
1455 1964 1572 1997 captum
1593 1969 1670 1990 erce-

232 2006 280 2030 tae.
315 2002 398 2040 Ergo
415 2002 504 2030 etiam
521 2001 578 2030 hoc
594 2002 686 2031 loco
678 2014 691 2031 η
705 1999 858 2041 φιλοσοφία
874 2001 936 2041 ‘trega

234 2044 297 2077 τοὺς
314 2043 409 2082 λόγους
424 2044 481 2073 erit
494 2044 668 2084 eloquentia,
679 2044 858 2083 eloquentiae
871 2050 936 2074 stu-

230 2086 326 2122 dium,
343 2092 392 2116 aut
405 2096 451 2116 ars
465 2087 647 2122 disserendi,
664 2092 696 2116 ut
712 2088 806 2125 Evag.
822 2086 849 2126 §
859 2086 897 2124 γ’.
913 2088 935 2118 οἱ

235 2127 290 2158 ἐπὶ
314 2131 361 2159 τῆν
385 2128 559 2169 φιλοσοφίαν,
582 2135 716 2166 oratores,
739 2140 815 2168 quos
837 2130 937 2170 paullo

234 2177 304 2211 post
328 2173 461 2211 appellat
480 2173 545 2208 τοὺς
561 2173 621 2212 περὶ
642 2174 708 2207 τοὺς
729 2171 837 2210 λόγους.
861 2179 937 2202 orat.

234 2215 272 2244 ad
289 2216 366 2245 Phil.
380 2215 405 2254 §.
419 2214 467 2245 λε’.
483 2215 504 2245 οἱ
518 2216 579 2255 mg?
591 2217 639 2246 τὴν
650 2216 816 2253 φιλοσοφίαν
830 2215 934 2256 &tavei-

237 2257 345 2295 Βοντες,
372 2263 506 2288 oratores.
530 2269 579 2298 ep.
595 2259 631 2287 ad
655 2260 717 2288 Ias.
737 2259 791 2288 lib.
817 2258 843 2298 §.
859 2257 898 2295 γ’.
912 2260 934 2289 οῖ

235 2300 422 2341 διατρίβοντες
442 2302 503 2340 περὶ
523 2303 571 2332 τήν
588 2299 753 2340 φιλοσοφίαν
769 2304 817 2333 τὴν
832 2301 935 2340 ἦμες-ε’-

235 2355 293 2384 ραν,
309 2345 483 2374 aemulantes
499 2344 601 2374 studia
616 2355 693 2380 mea,
709 2345 730 2374 i.
743 2355 771 2375 e.
793 2345 935 2384 eloquen-

235 2387 321 2417 tiam.
350 2388 386 2417 In
409 2387 503 2425 Soph.
519 2387 544 2426 §.
561 2386 598 2421 ς’.
622 2398 706 2417 suam
732 2393 762 2417 et
784 2388 934 2417 rhetorum

237 2435 329 2460 artem
346 2428 509 2469 φιλοσοφίαν
528 2429 671 2466 nominat,
695 2431 824 2460 Panath.
836 2430 861 2470 §.
877 2430 935 2461 3252

234 2473 389 2512 φιλοσοφία
416 2472 446 2502 ἓν
472 2472 648 2513 προειλόμην,
679 2483 772 2514 genus
799 2473 935 2503 doctrine

236 2517 311 2556 quod
329 2520 446 2546 secutus
464 2525 539 2551 sum,
561 2517 602 2546 cf.
622 2515 686 2545 init.
712 2522 788 2546 orat.
809 2517 846 2545 de
867 2526 936 2555 per-

235 2563 324 2599 mut„
341 2558 436 2588 Busir.
447 2558 489 2588 in.
503 2564 534 2588 et
545 2558 638 2588 Dion.
653 2559 728 2588 Hal.
743 2559 773 2588 in
786 2560 886 2589 Isocr.
903 2570 935 2598 p.

237 2603 289 2632 94.
314 2600 336 2631 οἶ
360 2600 605 2642 χρηματιζόμενοι
627 2599 659 2630 ἔκ
683 2603 734 2635 τῆς
757 2601 934 2641 φιλοσοφίας,

235 2645 286 2693 qui
305 2645 406 2679 literis,
423 2646 580 2684 praesertim
599 2644 760 2684 eloquentia
779 2646 934 2679 tradenda,

235 2688 343 2717 victum
357 2693 502 2727 quoerunt.
532 2687 631 2716 Causa
649 2687 777 2716 nominis
791 2692 839 2716 est
835 2688 935 2739 “apud

236 2730 328 2760 Dion.
342 2730 415 2760 Hal.
430 2740 462 2769 p.
477 2733 529 2761 98.
544 2730 599 2760 ὅσοι
621 2728 780 2769 φιλοσόφως
801 2731 851 2760 τοῦ
872 2742 935 2769 μα-

234 2771 369 2811 &bum-oc
391 2773 492 2803 τούτου
514 2773 664 2814 (loquitur
686 2773 725 2802 de
747 2771 935 2813 eloquentia)

237 2814 423 2854 venemo-av,
442 2816 493 2855 qui
509 2826 573 2845 eam
591 2815 744 2846 subtiliter
759 2821 934 2850 tractarunt,

237 2862 329 2888 mem
339 2859 503 2888 effecerunt
515 2869 521 2887 :
546 2864 577 2888 ut
590 2858 743 2888 Isocrates
753 2859 792 2888 de
805 2864 934 2897 permut.

238 2898 264 2937 §.
279 2899 321 2930 ιη’.
336 2899 367 2930 ἐκ
387 2900 551 2941 φιλοσοφίας
573 2903 622 2932 τὴν
643 2900 756 2939 δύναμιν
774 2903 828 2931 τῶν
848 2900 936 2939 λέγων

239 2942 381 2982 ιίλῆφιισι,
401 2944 562 2984 cogitando
587 2945 804 2983 discendoque,
823 2955 935 2984 praece-

240 2984 302 3024 ptis
327 2986 466 3017 subtilius
495 2988 730 3025 cognoscendis,
756 2986 935 3027 θεωςητικῶς,

240 3028 408 3059 facultatem
441 3029 564 3060 dicendi
595 3031 654 3061 sibi
688 3038 840 3070 pararunt,
877 3041 933 3061 non

971 2001 1058 2030 dunt.
1077 2001 1183 2031 Rarior
1198 2002 1347 2040 syntaxis,
1363 2000 1505 2041 ὑπεςὲχειν
1520 2003 1669 2032 accusati-

971 2054 1009 2073 vo
1030 2045 1173 2084 jungens.
1199 2045 1235 2073 V.
1263 2045 1306 2074 H.
1330 2045 1436 2084 steph.
1458 2045 1552 2074 Thes.
1574 2046 1609 2075 L.
1629 2047 1670 2076 G.

971 2086 1088 2116 Tmesis
1106 2088 1190 2117 verbi
1206 2087 1361 2128 ὑπερέχειν,
1380 2088 1410 2117 in
1426 2088 1560 2118 oratione
1575 2088 1669 2118 Attici

972 2129 1131 2168 scriptoris
1155 2135 1252 2160 metro
1277 2131 1386 2166 soluta,
1412 2130 1535 2160 defendi
1557 2131 1670 2169 poterit

969 2173 1114 2212 exemplo
1130 2173 1273 2211 Xenoph.
1287 2174 1395 2212 Symp.
1412 2173 1505 2204 VIII.
1521 2175 1575 2203 17.
1589 2175 1668 2214 παρά.

969 2227 998 2244 τι
1022 2214 1172 2245 ποιεῖσθαι.
1203 2216 1241 2244 V.
1263 2215 1416 2245 Baebium.
1454 2216 1501 2245 Cf.
1523 2217 1560 2245 ad
1583 2217 1668 2247 Xen.

970 2259 1093 2288 Hellen.
1109 2260 1137 2288 I.
1153 2262 1183 2288 4.
1201 2261 1230 2288 Q.
1254 2259 1344 2289 Mon.
1369 2259 1521 2299 Exempla
1535 2263 1667 2289 tmeseos

966 2301 998 2331 in
1015 2301 1174 2331 Herodoto
1194 2302 1267 2330 satis
1290 2302 1458 2340 frequentia
1477 2306 1566 2339 sunt3
1588 2304 1667 2342 apud

969 2345 1088 2374 Atticos
1116 2345 1280 2383 scriptores
1311 2355 1367 2374 non
1397 2349 1457 2374 tam
1488 2355 1555 2374 rara
1588 2356 1667 2381 esse,

968 2398 1055 2427 quam
1070 2387 1207 2417 Matthiae
1219 2388 1273 2416 Gr.
1291 2398 1336 2426 gr.
1350 2386 1376 2426 §.
1391 2388 1467 2418 594.
1482 2393 1598 2424 censet,
1614 2388 1668 2418 do·

969 2435 1038 2460 cent
1063 2430 1243 2460 Schaet'erus
1267 2430 1305 2459 ad
1331 2431 1426 2469 Long.
1452 2441 1482 2470 p.
1501 2432 1574 2461 417.
1591 2442 1669 2472 sqq„

969 2474 1067 2503 Koen.
1078 2474 1115 2502 ad
1129 2474 1256 2512 Gregor.
1267 2473 1339 2503 Cor.
1353 2475 1463 2513 p.449.
1476 2474 1524 2503 ed.
1535 2474 1670 2515 Schaefi,

970 2515 1159 2551 Boissonad„
1181 2517 1261 2546 idem
1280 2516 1436 2547 Schaet‘er.
1458 2517 1488 2546 in
1512 2517 1667 2548 Meletem.

967 2558 1067 2588 critic.
1081 2570 1111 2599 p.
1128 2562 1182 2591 68.
1197 2563 1260 2589 not.
1275 2561 1307 2590 7.
1327 2564 1357 2590 et
1383 2570 1458 2599 quos
1484 2559 1526 2590 ibi
1553 2560 1666 2591 laudat.

967 2602 1097 2632 Srons.

1010 2643 1077 2674 Δίαν
1096 2644 1348 2694 ἀπηκριβωμένως]
1368 2646 1584 2688 diligentissime
1595 2649 1666 2677 scri-

965 2693 1021 2726 ptae
1036 2688 1189 2718 orationes.
1217 2689 1344 2719 Panath.
1361 2689 1387 2728 §.
1403 2689 1429 2719 ι’.
1422 2673 1667 2729 Οαπηιιςιζωμένοι

968 2730 1015 2760 ἐπὶ
1031 2732 1090 2764 τοῖς
1103 2729 1273 2771 μαθημασι,
1290 2732 1341 2771 qui
1357 2732 1462 2762 literas
1473 2743 1588 2762 summa
1599 2743 1666 2762 curn

968 2782 1041 2803 cura
1054 2778 1231 2804 tractarunt.
1253 2775 1352 2805 Busir.
1368 2774 1394 2814 ᾗ.
1409 2774 1438 2804 α’
1440 2798 1446 2804 .
1461 2778 1575 2814 μᾶλλον
1591 2787 1666 2806 aorn-

966 2815 1140 2856 κξιβωμένοι,
1156 2817 1365 2856 diligentiores
1380 2819 1538 2848 caeterisin
1555 2829 1587 2848 re
1607 2824 1667 2848 tra-

967 2861 1087 2896 ctanda,
1102 2860 1231 2899 ideoque
1246 2861 1410 2891 doctiores.
1434 2862 1522 2892 Mon.

1011 2903 1258 2945 Διημαςτήκασιν]
1290 2904 1426 2934 Subaudi
1449 2907 1501 2939 τῆς
1525 2901 1664 2938 ἀληθείας.

968 2945 1103 2976 Auoen.

1003 2987 1322 3030 ’Ὥστε-σκοποῦσιν]
1358 2990 1473 3019 Sensus
1494 2992 1559 3018 est:
1589 2989 1663 3018 Ora-

968 3030 1066 3062 tiones
1077 3032 1230 3071 politicns,
1243 3043 1356 3062 summo
1372 3032 1472 3062 studio
1485 3031 1660 3070 perpolitis,
