1924 3314
400 651 917 705 PRAEFATIO
983 652 1482 708 EDITORIS.

284 973 625 1032 ISOCRATEM,
664 975 987 1040 qualicunque
1022 993 1128 1023 meo
1170 977 1327 1023 studio
1360 992 1415 1023 ac
1455 975 1685 1025 industria

217 1055 493 1120 expolitum,
515 1040 616 1120 jam
642 1058 804 1106 ordine
827 1060 1031 1116 tertium,
1058 1059 1188 1106 haud
1213 1059 1521 1107 interturbato
1553 1062 1685 1107 insti-

217 1140 305 1186 tuti
335 1139 429 1186 mei
462 1156 702 1203 proceSSU,
734 1149 853 1200 tuas,
881 1140 1048 1189 Lector
1078 1142 1293 1199 candide,
1320 1143 1369 1188 in
1398 1159 1563 1191 manus
1592 1152 1685 1190 tra-

218 1221 342 1279 dere,
368 1229 544 1285 tuoque
559 1223 747 1286 judicio
772 1225 1052 1287 permittere,
1080 1224 1197 1271 mihi
1220 1226 1469 1290 contingit,
1502 1243 1684 1290 parum,

217 1308 287 1353 uti
330 1323 481 1370 spero,
523 1307 865 1370 benignitatem
904 1316 1033 1355 tuam
1072 1318 1117 1355 et
1156 1309 1486 1357 liberalitatem
1528 1311 1577 1357 in
1613 1327 1686 1358 me

218 1389 573 1454 Auctoremque
594 1407 751 1438 meum
776 1390 934 1438 claudi
963 1407 1171 1439 sensuro.

283 1471 400 1520 Tres
421 1474 716 1537 potissimum
745 1472 961 1521 Editores
994 1476 1278 1522 recentiores
1302 1483 1468 1522 nactus
1494 1483 1563 1523 est
1588 1476 1686 1524 Iso-

218 1564 382 1612 crateS,
406 1555 653 1622 Augerum
673 1556 868 1614 scilicet,
892 1557 1127 1622 Langium
1149 1567 1194 1606 et
1214 1558 1416 1606 Coraem
1436 1577 1444 1606 z
1472 1577 1687 1623 quorum,

219 1656 327 1687 mea
359 1639 514 1686 saltim
557 1641 796 1704 opinione,
823 1640 1003 1688 Coraes
1043 1641 1186 1706 longe
1220 1642 1441 1706 optimus.
1512 1640 1688 1690 Verum

219 1723 471 1777 enimvero,
506 1738 560 1768 eo
597 1722 727 1784 quod
763 1730 870 1785 post
901 1731 1113 1787 tempora
1144 1723 1311 1772 Corais
1346 1723 1503 1789 plures
1542 1734 1685 1790 atque

217 1805 567 1869 praestantiores
607 1802 753 1852 MSS.
789 1813 900 1851 sunt
945 1804 1119 1863 collati,
1161 1821 1421 1870 eorumque
1458 1806 1686 1855 lectiones

221 1889 452 1936 variantes
485 1886 596 1935 hinc
635 1887 765 1935 illinc
804 1896 1059 1952 congestae,
1086 1889 1132 1934 in
1172 1887 1330 1935 medio
1363 1889 1461 1949 jam
1500 1875 1689 1937 tandem

221 1978 436 2035 repostae,
456 1979 612 2034 partes
639 1968 848 2018 Editoris
866 1971 1092 2034 iniquius,
1115 1978 1168 2018 ut
1201 1969 1445 2035 putabam,
1470 1972 1688 2035 egissem,

221 2055 271 2101 ni
293 2053 496 2101 Textum
519 2054 872 2101 recensuissem.
919 2051 992 2101 Ex
1013 2070 1070 2101 eo
1094 2053 1240 2117 igitur
1255 2054 1400 2101 animi
1426 2056 1517 2102 mei
1549 2071 1690 2105 sensu

221 2137 426 2186 Textum
464 2137 525 2185 ad
563 2135 705 2183 fidem
735 2135 880 2184 MSS,
921 2136 1077 2185 denuo
1115 2136 1334 2195 formavi3
1358 2145 1404 2185 et
1428 2136 1691 2189 Varietates

222 2220 474 2278 Textuum‚
501 2219 699 2283 Augeri,
722 2216 893 2284 Langii
919 2227 966 2266 et
999 2217 1184 2277 Corais,
1202 2220 1250 2266 in
1276 2218 1475 2284 singulis
1500 2223 1692 2286 paginis

224 2304 438 2369 apposui.

288 2387 652 2445 Annotationes‚
668 2385 865 2451 perinde
880 2402 934 2433 ac
952 2388 999 2433 in
1020 2385 1398 2450 praecedentibus
1409 2385 1691 2436 Oratoribus

224 2490 252 2520 a
282 2487 357 2520 me
388 2471 657 2534 nuperrime
685 2468 840 2528 editis,
876 2476 1163 2532 comparatae
1197 2484 1252 2517 ac
1285 2468 1501 2534 digestae,
1521 2469 1692 2519 Textui

223 2561 539 2621 apponuntur.
610 2551 760 2617 Atqui
785 2550 1007 2600 studiosis
1028 2551 1246 2600 Isocratis
1271 2552 1365 2599 mei
1385 2560 1548 2600 auctor
1569 2570 1690 2612 sum,

222 2647 274 2688 ut
302 2637 651 2702 Panegyricam
688 2643 735 2683 et
768 2635 1172 2700 Areopagiticam,
1208 2635 1556 2699 copiosioribus
1593 2639 1690 2684 ani-

224 2719 642 2777 madversionibus,
677 2715 932 2782 Bergmani
965 2717 1102 2776 hanc,
1140 2715 1268 2764 illam
1308 2715 1451 2774 Mori,
1486 2715 1690 2767 illustra-

222 2813 333 2863 tam,
353 2819 440 2852 ceu
463 2802 650 2860 clavim,
673 2801 803 2866 quod
828 2800 973 2865 vulgo
998 2801 1179 2859 dicunt,
1199 2800 1260 2847 ad
1284 2808 1491 2860 caeteras,
1517 2803 1691 2865 primas

223 2885 535 2953 pellegerint:
580 2886 628 2933 in
659 2884 852 2949 reliquis
889 2885 1030 2943 enim,
1074 2884 1367 2932 Paraenetica
1403 2892 1607 2949 excepta
1647 2894 1691 2934 et

225 2969 481 3030 NicocleiS,
502 2969 731 3027 brevitati,
760 2975 988 3032 quantum
1014 2966 1191 3023 liceret,
1218 2966 1391 3014 studui.
