1924 3314
494 210 661 253 ΠΕΡΙ
718 207 1228 252 ΙΣΟΚΡΑΤΟΥΣ.
1511 202 1578 256 57

144 325 218 367 οὐκ
238 323 281 372 ἐξ
301 326 450 373 ἐκείνης
471 330 542 372 τῆς
562 322 741 372 παιδείας
766 321 861 364 ἀλλ’
880 324 921 364 ἐκ
938 322 1085 370 ταύτης
1103 328 1175 370 τῆς
1193 323 1463 378 σωφροσύνης
1479 319 1582 374 μᾶλ·

143 381 222 424 λον
249 381 457 437 ὠφελεῖται
482 382 529 423 τὸ
556 383 708 431 κοινὸν,
730 378 934 435 κρείττονά
962 377 998 420 θ’
1018 377 1331 434 ὑπολαμβάνειν
1351 380 1400 421 τὰ
1422 379 1580 435 χρηστὰ

144 437 426 493 ἐπιτηδεύματα
453 445 524 487 τῆς
560 436 759 494 ἀκριβοῦς
787 434 1040 491 νομοθεσίας,
1069 440 1324 485 σκοποῦντας
1351 437 1435 493 οὐχ
1467 438 1581 484 ὅπως

143 501 232 544 ταῖς
257 499 462 551 τιμωρίαις
489 497 585 544 τοὺς
611 495 920 550 ἁμαρτάνοντας
946 492 1217 549 ἀνείρξουσιν,
1250 492 1346 536 ἄλλ’
1372 495 1428 542 ὡς
1458 491 1581 547 μηδὲν

145 551 261 600 ἄξιον
282 551 427 606 ζημίας
447 553 612 594 ἕκαστον
638 549 888 600 ἐπιτηδεύειν,
909 554 972 593 καὶ
997 552 1072 600 τὴν
1097 554 1169 604 μὲν
1196 549 1368 607 πατρίδα
1395 549 1478 592 δεῖν
1498 552 1581 592 οἷο-

143 612 291 663 μένους
319 612 360 652 ἐν
387 609 548 664 ἐξουσίᾳ
568 608 722 664 διάγειν
743 607 914 664 μεγάλῃ,
940 613 1027 655 τοῖς
1050 606 1083 650 δ’
1103 607 1274 657 ἰδιώταις
1295 606 1417 663 μηδὲν
1439 606 1582 655 ἐξεῖναι

145 673 273 709 ποιεῖν
294 669 317 708 ὅ
336 686 373 708 τι
392 667 443 709 ἂν
465 669 503 708 οἱ
525 667 641 720 νόμοι
661 665 859 712 κωλύωσι,
882 671 1082 721 καρτερεῖν
1104 664 1144 707 δὲ
1164 663 1211 707 τὰ
1233 663 1341 708 δεινὰ
1364 669 1427 708 καὶ
1445 666 1499 719 μὴ
1521 667 1581 707 ἐκ·

145 722 390 773 πλήττεσθαι
409 730 497 772 ταῖς
518 728 760 778 συμφοραῖς.
1282 731 1285 734 ”

202 781 266 823 ια’.
298 779 373 829 Τίς
401 779 433 822 δ’
459 781 510 822 ἂν
534 779 700 834 μᾶλλον
726 781 868 821 πείσειε
896 782 959 819 καὶ
984 779 1110 820 πόλιν
1137 783 1200 820 καὶ
1227 778 1382 835 ἄνδρας
1410 783 1482 821 τοῦ
1508 778 1581 834 ῥή-

145 855 281 892 τορος,
295 837 495 892 πολλαχῇ
514 840 585 889 μὲν
606 840 669 877 καὶ
690 834 814 890 ἄλλῃ,
833 833 1008 888 μάλιστα
1030 833 1063 876 δ’
1082 837 1123 876 ἐν
1142 838 1198 889 τῷ
1216 837 1323 890 πρὸς
1339 834 1583 889 Λακεδαιμο-

146 897 260 943 νίους
285 895 478 949 γραφέντι
504 892 634 947 λόγῳ,
655 891 704 940 ὃς
728 892 986 946 ἐπιγράφεται
1005 895 1078 944 μὲν
1096 891 1365 947 Ἀρχίδαμος,
1386 893 1583 934 ὑπόθεσιν

145 948 186 992 δὲ
215 949 440 1005 περιείληφε
475 951 549 998 τὴν
578 952 669 1004 περὶ
703 952 775 989 τοῦ
801 951 855 1001 μὴ
887 947 1081 1003 προέσθαι
1112 951 1333 998 Μεσσήνην
1369 953 1583 999 Βοιωτοῖς,

143 1006 240 1061 μηδὲ
262 1012 392 1049 ποιεῖν
411 1007 458 1048 τὸ
478 1006 833 1062 προσταττόμενον
859 1005 938 1046 ὑπὸ
963 1008 1046 1047 τῶν
1071 1008 1264 1062 ἐχθρῶν;
1296 1007 1475 1062 ἠτύχητο
1502 1007 1585 1062 γὰρ

145 1062 194 1113 δὴ
214 1070 302 1112 τοῖς
321 1063 648 1118 Λακεδαιμονίοις
667 1063 692 1111 ἥ
716 1081 757 1104 τε
782 1065 872 1115 περὶ
895 1066 1072 1118 Λεῦκτρα
1096 1064 1222 1119 μάχη,
1245 1067 1307 1105 καὶ
1331 1063 1488 1106 πολλαὶ
1507 1063 1586 1118 μετ’

145 1123 295 1170 ἐκείνην
326 1123 464 1175 ἕτεραι,
492 1124 554 1162 καὶ
585 1121 633 1162 τὰ
665 1123 737 1174 μὲν
765 1117 965 1175 Θηβαίων
991 1121 1207 1176 πράγματα
1234 1119 1346 1169 ἤνθει
1376 1139 1416 1162 τε
1440 1124 1502 1164 καὶ
1531 1123 1589 1170 εἷς

143 1180 318 1234 με’γεθος
337 1178 470 1235 ἀρχῆς
489 1176 775 1234 προεληλύθει,
791 1177 840 1218 τὰ
861 1175 900 1219 δὲ
920 1183 992 1226 τῆς
1010 1179 1202 1233 Σπάρτης
1221 1179 1387 1220 ταπεινὰ
1410 1182 1472 1221 καὶ
1494 1177 1589 1220 ἀνά-

146 1233 211 1283 ῗΞια
236 1243 307 1285 τῆς
335 1236 510 1292 ἀρχαίας
538 1236 758 1290 ἡγεμονίας
786 1235 979 1289 ἐγεγόνει.
1000 1234 1224 1277 τελευτῶσα
1251 1239 1368 1291 γοῦν,
1389 1237 1458 1278 ἵνα
1482 1237 1588 1292 τύχῃ

145 1299 218 1341 τῆς
238 1295 398 1349 εἰρήνης
425 1294 449 1341 ἡ
477 1292 617 1344 πόλις,
645 1290 889 1347 ἐβουλεύετο
923 1294 953 1333 εἰ
984 1294 1065 1347 χρὴ
1088 1296 1325 1342 Μεσσηνίας
1348 1293 1587 1343 ἀποστῆναι,

145 1351 293 1399 ταύτην
313 1352 568 1392 ἐπιτιθέντων
590 1350 692 1405 αὐτῇ
714 1352 903 1391 Βοιωτῶν
923 1350 996 1398 τὴν
1019 1349 1216 1405 ἀνάγκην.
1240 1353 1350 1406 ὁρῶν
1371 1350 1446 1393 οῦν
1463 1351 1589 1400 αὐτὴν

147 1406 292 1456 ἀνάξια
322 1409 510 1463 πράττειν
544 1405 779 1460 μέλλουσαν
810 1408 893 1448 τῶν
924 1408 1164 1462 προγόνων,
1197 1406 1314 1449 τόνδε
1348 1409 1421 1450 τὸν
1454 1407 1589 1464 λόγον

147 1463 391 1512 συνετάξατο
409 1462 661 1520 Ἀρχιδάμῳ,
682 1466 757 1519 νέῳ
781 1467 853 1517 μὲν
878 1464 966 1505 ὄντι
992 1468 1055 1506 καὶ
1081 1463 1195 1506 οὔπω
1216 1463 1499 1520 βασιλεύοντι,
1524 1465 1588 1508 ἐλ-

146 1520 267 1570 πίδας
288 1519 328 1564 δὲ
349 1521 516 1570 πολλὰς
536 1521 671 1577 ἔχοντι
690 1522 838 1570 ταύτης
857 1519 1066 1569 τεύξεσθαι
1085 1528 1156 1570 τῆς
1176 1529 1304 1576 τιμῆς*
1328 1524 1370 1565 ἐν
1391 1521 1422 1578 ᾦ
1444 1520 1590 1578 διεξέρ·

149 1596 274 1635 χεται,
299 1581 464 1634 πρῶτον
489 1582 561 1631 μὲν
589 1579 646 1627 ὡς
673 1576 833 1627 δικαίως
856 1581 1072 1627 ἐκτήσαντο
1100 1582 1323 1630 Μεσσήνην
1344 1578 1591 1634 Λακεδαιμό-

148 1653 239 1683 νιοι,
260 1634 530 1691 παραδόντων
548 1635 580 1676 τ’
596 1637 721 1684 αὐτὴν
740 1638 822 1678 τῶν
843 1637 1109 1691 Κρεσφόντου
1128 1636 1300 1684 παίδων,
1317 1640 1381 1680 ὅτε
1402 1636 1591 1686 ἐξέπεσον

147 1694 188 1734 ἐκ
213 1699 284 1741 τῆς
317 1693 450 1749 ἀρχῆς
476 1696 539 1734 καὶ
562 1697 634 1734 τοῦ
663 1691 754 1734 θεοῦ
774 1692 1084 1746 προστάξαντος
1110 1691 1297 1742 δέξασθαι
1325 1699 1387 1738 καὶ
1406 1701 1591 1751 τιμωρεῖν

145 1755 234 1798 τοῖς
254 1748 544 1804 ἀδικουμένοις,
565 1750 672 1804 πρὸς
693 1748 733 1791 δὲ
754 1752 912 1798 τούτοις
931 1751 1255 1806 ἐπικυρώσαντος
1275 1755 1347 1805 μὲν
1364 1754 1438 1801 τὴν
1454 1759 1591 1801 κτῆσιν

145 1811 218 1848 τοῦ
237 1806 433 1860 πολέμου,
456 1807 635 1863 κάτοχον
667 1804 707 1848 δὲ
737 1811 799 1849 καὶ
825 1805 1006 1863 βέβαιον
1033 1810 1302 1857 πεποιηκότος
1322 1813 1393 1851 τοῦ
1416 1811 1589 1865 χρόνου.

146 1861 320 1907 διδάσκει
342 1862 376 1906 δ’
397 1865 454 1913 ὡς
469 1866 516 1906 οὐ
537 1867 785 1912 Μεσσηνίοις
803 1870 891 1913 τοῖς
911 1864 1036 1906 οὐκέτ’
1058 1864 1188 1915 οὖσιν,
1207 1865 1319 1908 ἀλλὰ
1340 1865 1508 1915 δούλοις
1530 1870 1591 1909 καὶ

146 1920 324 1970 εἵλωσιν,
346 1924 592 1977 ὁρμητήριον
613 1925 676 1964 καὶ
697 1923 932 1977 καταφυγὴν
954 1921 1173 1977 παρέξουσι
1193 1925 1266 1973 τὴν
1285 1922 1425 1971 πόλιν,
1448 1922 1592 1979 διεξέρ-

149 1981 261 2036 χεταί
280 1997 320 2021 τε
339 1982 435 2028 τοὺς
456 1977 670 2027 κινδύνους
697 1981 779 2021 τῶν
807 1980 1031 2035 προγόνων
1059 1979 1132 2028 οὓς
1156 1981 1370 2035 ὑπέμειναν
1391 1982 1501 2023 ἕνεκα
1521 1987 1592 2030 τῆς

147 2037 383 2092 ἡγεμονίας,
411 2041 472 2079 καὶ
499 2043 570 2085 τῆς
599 2034 723 2086 δόξης
747 2037 1035 2091 ὑπομιμνήσκει
1058 2043 1129 2087 τῆς
1150 2039 1260 2093 παρὰ
1280 2044 1366 2086 τοῖς
1381 2038 1592 2088 ’Ἕλλησιν

146 2094 415 2150 ὑπαρχούσης
432 2098 522 2149 περὶ
544 2095 692 2141 αὐτῶν,
713 2100 896 2150 παραινεῖ
921 2113 961 2136 τε
981 2096 1036 2147 μὴ
1059 2099 1396 2149 συγκαταπίπτειν
1417 2102 1505 2145 ταῖς
1525 2097 1592 2138 τύ-

149 2169 244 2208 χαις
264 2150 354 2205 μηδ’
378 2151 675 2207 ἀπογινώσκειν
695 2152 770 2200 τὰς
789 2149 1042 2207 μεταβολὰς,
1065 2151 1387 2207 ἐνθυμουμένους
1407 2155 1469 2196 ὅτι
1488 2153 1593 2195 πολ·

149 2208 218 2251 λοὶ
238 2212 311 2263 μὲν
330 2206 406 2258 ἤδη
428 2208 549 2263 μείζω
574 2207 743 2263 δύναμιν
763 2209 929 2265 ἔχοντες
955 2209 980 2258 ἢ
1008 2208 1187 2266 Θηβαῖοι
1213 2212 1292 2253 ὑπὸ
1319 2214 1402 2253 τῶν
1429 2213 1595 2254 ἀσθενε-

151 2267 302 2321 στέρων
333 2268 623 2321 ἐκρατήθησαν,
650 2265 804 2309 πολλοὶ
834 2265 867 2309 δ’
888 2270 943 2315 εἷς
971 2267 1212 2323 πολιορκίαν
1243 2268 1594 2317 κατακλεισθέντες

152 2327 215 2366 καὶ
246 2321 446 2379 δεινότερα
474 2324 498 2373 ἢ
530 2322 833 2377 Λακεδαιμόνιοι
859 2325 1092 2380 πάσχοντες
1129 2323 1351 2382 διέφθειραν
1382 2329 1479 2375 τοὺς
1513 2327 1594 2368 ἐπι-

153 2382 487 2437 στρατεύσαντας.
515 2386 576 2424 καὶ
605 2380 857 2438 παράδειγμα
890 2388 1057 2424 ποιεῖται
1087 2384 1161 2432 τὴν
1187 2383 1421 2433 Ἀθηναίων
1453 2383 1594 2431 πόλιν,

152 2438 242 2488 ἥτις
260 2438 300 2480 ἐκ
318 2437 483 2487 πολλῆς
505 2437 758 2492 εὐδαιμονίας
788 2437 1016 2487 ἀνάστατος
1044 2442 1241 2495 γενομένη
1270 2443 1367 2490 τοὺς
1394 2441 1595 2497 ἐσχάτους

154 2496 302 2545 ὑπέστη
330 2494 560 2548 κινδύνους,
587 2497 654 2539 ἵνα
685 2497 738 2550 μὴ
764 2502 851 2545 τοῖς
883 2495 1124 2552 βαρβάροις
1151 2502 1250 2555 ποιῇ
1274 2500 1320 2541 τὸ
1350 2499 1597 2554 προσταττό-

153 2570 292 2606 μενον.
314 2553 620 2609 παρακελεύεται
645 2552 686 2596 δέ
715 2557 777 2596 καὶ
805 2560 1003 2609 καρτερεῖν
1025 2557 1087 2597 ἐπὶ
1107 2561 1194 2605 τοῖς
1214 2559 1390 2612 παροῦσι
1413 2559 1476 2598 καὶ
1499 2554 1595 2612 θαῤ-

155 2608 243 2665 ῥεῖν
270 2615 361 2666 περὶ
391 2613 474 2653 τῶν
501 2610 754 2664 μελλόντων,
782 2613 1065 2665 ἐπισταμένους
1093 2615 1153 2655 ὅτι
1179 2613 1255 2662 τὰς
1279 2615 1466 2662 τοιαύτας
1500 2632 1597 2667 συμ-

156 2668 288 2724 φορὰς
316 2669 355 2710 αἱ
381 2668 524 2717 πόλεις
551 2670 872 2725 ἐπανορθοῦνται
905 2668 1085 2725 πολιτείᾳ
1121 2674 1278 2727 χρηστῇ
1311 2674 1374 2714 καὶ
1404 2670 1597 2724 πολέμων

155 2726 389 2781 ἐμπειρίαις,
411 2727 454 2768 ἐν
473 2727 538 2774 οἷς
556 2732 748 2784 προεῖχεν
771 2728 795 2775 ἡ
820 2727 993 2782 Σπάρτη,
1006 2730 1089 2770 τῶν
1109 2727 1254 2771 ἄλλων
1274 2728 1453 2771 πόλεων.
1475 2728 1595 2770 οἴεται

156 2780 197 2825 δὲ
218 2781 300 2826 δεῖν
321 2783 370 2825 οὗ
392 2785 489 2832 τοὺς
515 2786 645 2832 κακῶς
671 2784 926 2839 πράττοντας
953 2787 1114 2839 εἰρήνης
1136 2787 1357 2840 ἐπιθυμεῖν,
1383 2787 1447 2834 οἷς
1468 2787 1507 2827 ἐκ
1526 2792 1596 2833 τῆς

157 2843 418 2897 καινουργίας
451 2843 513 2884 ἐπὶ
541 2842 588 2883 τὸ
616 2847 792 2897 κρεῖττον
824 2840 1100 2898 μεταβάλλειν
1130 2845 1181 2885 τὰ
1214 2845 1433 2899 πράγματα
1463 2842 1596 2891 ἐλπὶς,

194 2961 335 2995 ‘tuamor
359 2963 539 3005 ἐπιτηδεύειν]
568 2966 664 2995 Velim
690 2966 767 3005 legi:
793 2965 857 2995 ἓιια-
936 2968 1128 3009 Συνετάξατο]
1148 2971 1207 3009 Np.
1224 2967 1416 3009 ὄίσοιιςάτης.
1441 2968 1544 3000 Imm.

161 3016 228 3039 στος
242 3005 424 3038 ἐπιτηδεύσει.
462 3010 592 3040 Αυοιῑιι.
936 3012 1118 3053 Πάσχοντες]
1138 3013 1173 3043 F.
1189 3011 1333 3046 παθόντες.
1357 3012 1534 3042 SvLavno.

896 3064 904 3082 1
