1914 3314
762 193 1096 236 PRAEFATIO.
1565 195 1647 235 325

212 307 328 348 versis
361 306 482 348 titulis
513 320 578 345 seu
612 307 929 358 inscriptionibus
964 308 1216 357 quarumdam
1247 309 1489 354 Orationum,
1520 315 1650 346 censet

213 368 293 408 fieri
314 368 427 409 etiam
453 382 568 419 posse
590 371 678 417 (suo
703 369 857 419 quidem
879 369 1046 417 judicio)
1067 376 1160 408 ut-a
1187 370 1372 420 dignitate
1402 378 1440 408 et
1465 376 1650 420 praestan-

214 431 267 471 tia
295 443 432 470 nomen
466 432 538 470 hoc
570 438 777 469 consecuta
809 432 875 471 sit:
907 438 1086 482 tanquam
1116 432 1231 482 digna
1263 446 1351 483 quae
1376 433 1435 470 vel
1463 433 1500 470 in
1525 433 1649 471 medio

214 494 419 542 Areopago
458 493 678 531 haberetur.
735 492 955 530 oblocutus
996 506 1150 544 quoque
1188 501 1246 532 est
1275 495 1418 543 vulgari
1451 496 1649 533 sententiae

214 556 362 593 Auctor
389 554 560 593 Gallicus
586 553 763 592 Vitarum
789 561 958 592 veterum
985 555 1190 592 Oratorum
1218 555 1474 600 Graecorum‚¹
1494 557 1539 594 T.
1560 557 1590 594 I.
1612 568 1649 605 p.

213 620 278 654 88.
300 615 364 666 qui
392 622 502 665 putat
528 616 580 653 ita
607 615 825 665 inscriptam
856 630 936 653 esse
967 617 1064 654 hauc
1091 618 1298 655 orationem
1325 618 1375 655 ob
1410 618 1651 667 magnificam

215 677 423 728 Areopagi,
443 690 530 727 quae
552 670 595 714 in‘
610 690 654 714 ea
673 677 820 726 legitur,
842 677 1124 721 laudationem;
1156 692 1280 727 neque
1300 679 1413 725 euim,
1430 680 1460 716 si
1481 694 1562 717 eam
1585 681 1651 717 ha-

217 738 361 778 buisset
394 738 583 777 Isocrates
616 751 745 776 coram
779 741 996 789 Areopago,
1028 753 1114 776 eum
1142 740 1191 777 de
1221 739 1349 789 hujus,
1372 754 1459 791 quae
1485 748 1566 778 erat
1586 754 1654 779 sua

214 806 343 843 aetate,
376 798 612 845 conditione,
648 806 754 838 tanta
791 799 934 837 fiducia
970 806 1009 838 et
1042 801 1255 839 acerbitate
1294 803 1483 839 dicturum
1523 801 1655 847 fuisse,

217 867 373 910 quantae
399 873 436 897 v.
469 873 525 909 gr.
559 865 590 907 ξ.
625 860 673 897 ιε’.
705 867 903 909 apparent.
967 861 1064 897 Mihi
1106 862 1260 910 quidem
1305 876 1432 911 neque
1468 863 1655 912 Stephani

218 934 342 969 neque
371 918 486 967 hujus
519 920 616 957 ratio
654 920 806 969 placet:
849 933 974 969 neque
1008 921 1111 957 enim
1138 923 1331 971 Areopagi
1364 923 1494 960 laudes
1523 924 1657 973 praeci-

220 993 340 1032 puum
369 988 635 1031 argumentum
662 980 791 1029 operis
819 979 982 1017 faciunt.
1039 981 1111 1017 Sed
1141 994 1186 1017 ne
1209 982 1374 1031 vulgaris
1395 983 1549 1032 quidem
1579 984 1657 1021 sive

217 1041 346 1082 Wolfii
383 1041 572 1081 sententia
605 1046 706 1078 stare
743 1047 887 1092 potest,
917 1041 948 1079 si
991 1041 1146 1091 quidem
1185 1056 1270 1081 vere
1306 1044 1444 1082 referat
1482 1045 1654 1082 Pseudo-

217 1103 449 1146 Plutarchus
471 1105 509 1141 in
530 1102 624 1142 Vita
646 1103 766 1143 Isocr.
787 1115 826 1152 p.
848 1106 945 1143 837.
962 1103 1008 1140 A.
1044 1103 1253 1141 Isocratem
1278 1105 1382 1143 tenui
1405 1119 1497 1144 voce
1518 1106 1659 1156 praedi-

218 1171 298 1207 tum
329 1172 369 1207 et
397 1166 434 1203 in
460 1164 628 1205 dicendo
658 1163 847 1210 timidum,
867 1177 982 1202 unam
1012 1168 1165 1202 tantum
1193 1165 1370 1205 habuisse
1389 1169 1598 1205 orationem
1617 1168 1660 1207 de

220 1227 517 1268 Permutatione
536 1225 604 1277 (cf.
625 1231 663 1264 et
679 1239 717 1276 p.
739 1228 830 1264 838.
850 1227 927 1273 A.),
946 1225 1013 1263 sed
1029 1226 1160 1264 schola
1176 1227 1364 1274 instituta,
1380 1229 1661 1279 Panegyricum

217 1295 258 1329 et
277 1289 369 1328 alias
389 1289 575 1340 quasdam
594 1289 787 1327 orationes
803 1287 952 1338 generis
971 1287 1213 1327 deliberativi
1225 1292 1313 1337 (τῶν
1327 1290 1662 1342 συμβουλευτικῶν)

218 1351 362 1402 partim
388 1352 511 1401 ipsum
532 1351 599 1400 qui
625 1351 834 1400 scripserat
855 1350 1074 1388 recitavisse
1093 1351 1281 1398 (nimirum
1304 1352 1340 1390 in
1363 1353 1508 1399 schola,
1533 1367 1664 1392 coram

220 1412 356 1462 paucis
375 1411 633 1457 auditoribus,
649 1411 738 1450 coll.
759 1424 798 1461 p.
819 1415 911 1450 833.
932 1411 1010 1458 D.),
1031 1412 1168 1460 partim
1194 1413 1275 1450 aliis
1301 1414 1519 1452 recitandas
1545 1414 1662 1452 tradi-

220 1474 342 1512 disse.
398 1472 526 1522 Hujus
554 1478 679 1510 autem
714 1472 896 1510 orationis
926 1473 1158 1511 mentionem
1186 1487 1273 1512 eum
1304 1476 1552 1514 Laudationis
1584 1477 1663 1514 He-

220 1535 320 1574 lenae
346 1534 538 1573 mentione
568 1533 782 1582 conjunxit,
803 1533 899 1572 nibil
924 1533 1025 1571 aliud
1054 1535 1187 1572 dicens
1214 1548 1329 1585 quam
1352 1537 1426 1574 hoc
1446 1551 1484 1588 p.
1506 1542 1593 1576 8:38.
1619 1539 1665 1577 B.

221 1597 372 1643 ἐποίησε
404 1595 443 1633 δὲ
469 1597 528 1637 καὶ
559 1598 611 1638 εἷς
636 1595 799 1640 Ἑλένην
827 1595 1009 1645 ἐγκώμιον
1038 1597 1095 1632 καὶ
1120 1596 1443 1645 Ἀρεοπαγιτικόν.
1499 1599 1579 1636 Cur
1602 1599 1666 1637 isti

222 1658 375 1696 auctori
400 1657 496 1695 fides
517 1657 729 1707 denegetur
758 1670 874 1694 causa
898 1657 1001 1694 nulla
1023 1663 1094 1702 est,
1115 1658 1431 1708 quandoquidem
1453 1659 1537 1709 ejus
1557 1661 1665 1698 testi-

221 1719 390 1757 monium
409 1719 488 1768 ipse
506 1719 696 1756 Isocrates
718 1718 948 1767 comprobat
969 1718 1007 1755 in
1027 1719 1198 1756 Exordio
1219 1720 1507 1758 Panathenaici.
1564 1723 1667 1772 Ergo

222 1780 360 1819 falsum
387 1787 444 1818 est
469 1781 680 1818 orationem
711 1780 810 1817 hanc
841 1780 1018 1817 habuisse
1046 1780 1269 1828 Isocratem,
1290 1782 1425 1820 falsum
1447 1782 1563 1820 etiam
1583 1797 1667 1822 eam

222 1855 352 1881 coram
380 1842 574 1892 Areopagi
600 1842 743 1878 Senatu
772 1841 942 1877 habitam
970 1855 1066 1879 esse.
1124 1843 1173 1879 Et
1195 1849 1322 1881 tamen
1342 1845 1442 1882 nulla
1462 1845 1553 1882 satis
1576 1858 1665 1895 pro-

223 1904 359 1942 babilis
379 1903 477 1941 ratio
495 1902 755 1953 inscriptionis
769 1902 897 1939 afferri
914 1909 1055 1951 potest,
1069 1903 1099 1940 si
1115 1917 1159 1941 ea
1175 1917 1249 1941 non
1265 1904 1392 1943 habita
1414 1913 1470 1944 est
1491 1907 1527 1943 in
1549 1908 1668 1946 Areo-

222 1979 337 2017 pago.
392 1965 653 2009 Quamobrem
682 1978 752 2014 ego
785 1964 940 2014 quidem
971 1965 1025 2002 sic
1054 1967 1282 2012 existimem,
1303 1967 1445 2005 dictam
1475 1982 1557 2006 eam
1585 1983 1666 2008 esse

224 2028 550 2077 Areopagiticam,
570 2028 659 2078 quia
680 2027 897 2077 fingebam
920 2027 1048 2066 habita
1068 2042 1151 2067 esse
1172 2030 1207 2067 in
1231 2031 1449 2082 Areopago,
1464 2032 1542 2070 sive
1563 2034 1666 2083 quod

222 2089 360 2128 eodem
387 2089 500 2134 redit,
521 2089 612 2140 quia
639 2090 689 2127 ab
720 2090 894 2128 Isocrate
921 2089 970 2127 ad
999 2091 1252 2141 Areopagitas
1276 2093 1390 2131 missa
1416 2101 1488 2132 est.
1545 2095 1668 2142 Nihil,

223 2149 363 2195 fa1eor,
385 2151 478 2189 certi
500 2151 573 2188 hac
591 2150 639 2188 de
659 2163 699 2189 re
719 2152 914 2191 nuvium:
946 2152 1013 2190 sed
1037 2152 1198 2190 maxime
1219 2154 1436 2204 probabilia
1457 2156 1667 2206 sequimur.

224 2211 379 2261 Neque,
405 2212 438 2251 si
464 2212 518 2251 ita
548 2218 707 2263 statuas,
729 2213 941 2265 quidquam
962 2215 1074 2258 valet,
1103 2215 1206 2261 quod
1233 2228 1255 2253 a
1286 2216 1481 2266 Scriptore
1508 2218 1664 2257 Gallico

221 2273 373 2324 opponi
391 2273 565 2320 vidimus,
588 2275 801 2314 Isocratem
821 2276 1018 2321 audacius,
1043 2289 1154 2326 quam
1181 2289 1250 2326 par
1270 2284 1383 2323 esset,
1410 2279 1664 2330 Areopagitas

267 2375 277 2395 ¹
302 2376 404 2412 Liber,
418 2387 497 2407 anno
517 2379 612 2408 1⁷52.
636 2378 766 2408 Lutetiae
792 2379 928 2409 Parisio-

222 2429 303 2459 tum,
318 2429 375 2449 non
399 2421 504 2450 addito
527 2420 658 2450 auctoris
680 2422 809 2458 nomine,
832 2423 929 2452 forma

223 2468 332 2499 octava
355 2462 467 2498 editus,
484 2463 683 2495 inscribitur:
711 2463 773 2496 Vies
796 2467 843 2496 des
867 2468 927 2496 An-

223 2507 300 2536 ciens
316 2505 458 2535 Orateurs
471 2505 562 2536 Grecs
574 2517 640 2536 arec
653 2507 700 2536 des
715 2507 930 2549 Reflefcionssur

224 2547 290 2578 leur
307 2547 477 2587 Eloqueuce,
494 2549 540 2579 des
557 2548 671 2579 Notices
684 2551 806 2581 dalem-s
824 2551 928 2587 Eurus,

224 2597 253 2621 et
264 2592 310 2622 des
326 2590 520 2622 Traductions
541 2593 575 2621 de
589 2593 718 2631 quelques
734 2603 790 2623 uns
804 2595 838 2624 de
853 2595 929 2623 leurs

226 2632 376 2664 Diu-aurs.
421 2636 506 2664 Duos
523 2636 635 2673 Operis
647 2637 759 2665 Tomos
773 2637 928 2676 possideo,

226 2687 352 2716 quorum
365 2678 458 2707 altero
469 2678 507 2707 de
518 2678 666 2713 Isocrate,
675 2679 769 2708 altero
778 2680 816 2709 de
832 2680 929 2710 Dione

227 2719 448 2759 Chrysostomo
464 2721 575 2759 agitur.
624 2722 729 2751 Utrum
745 2722 846 2760 plures
861 2733 930 2761 pro—

227 2762 337 2798 dierint
363 2763 487 2803 ignoro:
519 2770 602 2793 certe
631 2765 789 2794 consilium
818 2766 931 2804 Operis

228 2803 311 2835 hisee
326 2806 443 2836 duabus
461 2807 690 2836 tractationibus
706 2807 826 2837 minime
843 2810 929 2838 abso-

229 2846 323 2877 lutum
340 2855 396 2879 est.
437 2850 525 2879 Prior
540 2855 637 2880 autem
654 2851 705 2879 iile
721 2851 932 2889 complectitur

231 2889 357 2929 primum
387 2890 479 2929 Vitam
498 2891 642 2929 Isocratis,
664 2894 776 2923 deinde
795 2893 933 2925 Observa-

231 2933 320 2964 tiones
342 2934 378 2963 de
391 2935 451 2973 ejus
469 2935 649 2976 Eloquentia,
665 2941 728 2966 tum
746 2935 932 2968 Dissertatio-

232 2983 298 3004 nem
312 2975 346 3006 tle
361 2975 500 3014 Operibus
509 2979 581 3017 ejus,
591 2979 693 3009 addita
703 2989 804 3010 eorum
818 2981 933 3010 Tabula

962 2380 1197 2419 chronologica,
1212 2390 1302 2418 porro
1319 2379 1550 2420 Disputationem
1565 2384 1599 2412 de
1623 2382 1667 2412 hi-

961 2425 1049 2452 storia
1067 2423 1246 2452 Athenarum
1260 2424 1298 2452 ad
1310 2423 1501 2455 illustrandas
1519 2425 1668 2455 Orationes

964 2466 1096 2496 Isocratis
1112 2467 1255 2504 inprimis
1272 2466 1500 2507 Panegyricum,
1515 2474 1667 2507 postremo

963 2509 1234 2548 Interpretationem
1275 2508 1423 2540 Gallicam
1459 2512 1668 2542 nonnullarum

963 2551 1142 2587 orationum,
1166 2551 1303 2588 Nicoclis,
1331 2551 1523 2594 Panegyrici,
1546 2554 1668 2585 Lauda-

963 2596 1048 2624 tionis
1072 2594 1222 2635 Evagorae,
1251 2595 1405 2635 Amartyri
1436 2598 1570 2627 adversus
1608 2597 1667 2627 Eu-

963 2638 1096 2677 thynum.
1142 2639 1229 2678 Opus
1245 2649 1303 2668 non
1320 2638 1486 2676 indoctum,
1505 2651 1560 2670 nec
1576 2641 1668 2670 inele-

965 2686 1068 2720 ganter
1084 2679 1242 2720 scriptum,
1254 2682 1333 2721 quod
1346 2683 1434 2713 etiam
1449 2690 1518 2722 post
1535 2682 1669 2723 Woltium

965 2724 994 2753 in
1015 2725 1069 2753 Ed.
1094 2725 1193 2753 Isocr.
1211 2723 1382 2755 Fabricium
1406 2726 1434 2754 in
1461 2726 1542 2755 Bibl.
1564 2727 1669 2755 Graeca

965 2777 1031 2796 curn
1048 2767 1148 2797 fructu
1163 2767 1224 2806 legi
1240 2773 1353 2806 potest,
1369 2774 1400 2799 et
1415 2770 1509 2798 multa
1525 2770 1669 2802 continet.

965 2810 1023 2839 nisi
1041 2820 1123 2846 vera,
1141 2816 1223 2840 certe
1241 2821 1314 2840 vero
1336 2822 1425 2850 quam
1448 2811 1609 2846 simillima,
1625 2812 1669 2840 di-

965 2862 1096 2892 gnaque,
1124 2863 1191 2893 quae
1225 2853 1403 2893 diligentius
1437 2855 1669 2894 perpendantur,

966 2897 1096 2927 maxime
1111 2896 1139 2926 in
1156 2906 1193 2926 ea
1207 2901 1292 2936 parte
1310 2897 1359 2928 ubi
1378 2898 1416 2928 de
1431 2897 1587 2937 Operibus
1602 2897 1668 2927 120-

966 2939 1056 2970 cratis
1072 2939 1184 2979 agitur.
