1914 3314
225 202 307 244 802
596 203 941 246 VARIANTES

268 315 305 345 P.
323 317 394 346 208.
420 318 450 346 4.
466 317 500 346 τό
515 327 546 355 γε
562 316 584 346 ἰ.

224 359 257 388 ’7.
275 358 422 388 δεινότατα
438 359 459 389 ἰ.
509 362 540 390 8.
555 359 751 401 ἀξιωθείημεν]
770 360 935 399 ἄξιωθεῖμεν

225 411 255 430 ιι.
273 402 375 431 Bekk.
425 402 508 432 lbid.
526 403 751 443 προταχθέντων
762 405 897 434 ἁπάντων
912 409 934 432 t.

227 444 255 473 9.
271 443 527 484 ἀναγκασθείημεν]
546 445 774 485 ἄναγκασθεῖμεν
791 457 819 476 ιι.
832 446 935 476 Bekk.

226 489 279 516 11.
303 487 522 527 ὁμολογήσαιεν]
551 488 754 526 ὁμολογήσειαν
781 500 810 519 ιι.
833 489 936 518 Bekk.

228 531 279 558 12.
297 530 391 570 ἡμῶν]
407 532 455 560 τὴν
469 530 609 570 ἡμετέραν
619 542 650 561 ιι.
663 531 767 561 Bekk.
783 533 862 570 ὑμῶν
875 533 904 560 b.
917 532 936 561 f.

227 573 279 601 13.
292 572 388 606 αὐτοῖς
404 573 488 603 Med.
502 574 570 604 Ald.
623 576 676 604 17.
693 576 749 604 τῶν
765 573 876 613 Σκιων.]
893 574 938 603 τέν

227 619 323 645 Σκιων.
340 626 369 644 ιι.
382 625 411 645 v.
428 616 532 646 Bekk.
575 616 657 646 lbid.
671 615 777 656 ὄλεθρον
793 628 852 646 οιιι.
868 627 900 646 ιι.

270 657 307 687 P.
325 660 399 688 209.
416 661 448 689 2.
464 657 510 697 ἐφ’
529 658 612 698 ἡμῖν]
637 659 684 698 ὑφ’
703 660 770 699 ἡμῖν
790 670 820 690 ιι.
836 659 937 689 Bekk.

228 701 260 730 5.
279 699 413 741 μήποτε]
438 701 516 741 μήτε
539 712 568 731 ιι.
587 702 691 732 Bekk.
756 705 787 733 7.
811 702 839 732 οὐ
865 701 937 742 δίκη]

227 742 275 771 οὐκ
296 741 344 773 ἤδη
369 743 422 774 sin.
450 754 480 773 ιι.
509 744 615 774 Bekk.
683 748 736 774 11.
760 743 940 786 γεγενῆσθαι]

226 784 399 821 γενήσεσθαι
425 797 453 816 ιι.
478 785 581 817 Bekk.
656 790 708 818 16.
731 785 886 827 ἐποιοῦμεν
910 789 940 817 b.

227 828 314 857 Med.
340 828 412 859 Ald.
489 829 570 860 lbid.
595 828 759 864 ὑπεναντίας
783 841 812 860 ιι.
836 830 940 860 Bekk.

228 872 279 899 17.
296 869 322 899 ἐν
337 871 488 912 ἀλλήλοις]
507 871 533 901 ἐν
547 883 607 902 om.
622 883 653 903 u.
670 873 776 903 Bekk.

273 914 307 943 P.
325 916 400 944 ι210.
425 917 456 944 9.
472 915 515 944 δεῖ
528 926 589 945 οιιι.
605 926 636 946 ιι.
690 926 760 955 pen.
777 914 941 946 διετελέσα-

228 965 283 995 μεν
297 957 389 987 codd.
407 962 437 986 et
453 958 524 987 edd.

273 999 308 1028 P.
326 1003 398 1029 211.
422 1003 452 1029 1.
476 999 626 1042 ἅπαντας]
652 1001 764 1035 πάντας
787 1011 815 1031 ιι.
841 1002 940 1032 Bekk.

227 1043 258 1071 7.
275 1041 330 1079 μὲν
345 1042 427 1083 πρὸς]
444 1043 499 1082 μὲν
514 1045 548 1077 ὡς
564 1044 629 1084 πρὸς
644 1054 674 1074 ιι.
689 1044 792 1074 Bekk.
848 1046 879 1074 8.
894 1055 940 1074 κε-

227 1084 359 1122 κτημένοι
374 1084 417 1125 δὲ]
433 1086 480 1115 καῖ
494 1086 659 1125 κεκτημένοι
677 1097 705 1116 ιι.
718 1087 819 1117 Bekk.
889 1090 940 1116 10.

229 1125 256 1155 δὲ
277 1127 342 1166 τῆς]
365 1127 393 1156 δὲ
410 1139 468 1158 οιιι.
486 1140 517 1159 ιι.
534 1130 636 1160 Bekk.
704 1133 754 1159 11.
770 1130 858 1171 ἀρχὴν
871 1129 939 1170 τῆς]

228 1169 317 1210 ἀρχὴν
331 1171 379 1200 τὴν
390 1173 442 1204 τῆς
456 1182 485 1202 ιι.
504 1173 604 1202 Bekk.
651 1175 701 1202 12.
713 1171 779 1211 πρὸς
794 1173 857 1213 τὴν]
874 1171 941 1211 πρός

229 1222 290 1241 om.
307 1223 336 1242 u.
355 1213 455 1243 Bekk.
524 1218 574 1245 14.
593 1215 688 1244 ἄλλων
709 1225 770 1244 οιιι.
787 1226 816 1244 ιι.
839 1214 937 1244 Bekk.

229 1258 330 1293 antep.
347 1255 504 1296 κάλλιστ’]
523 1257 654 1296 μάλιστ’
666 1258 696 1286 b.
714 1257 734 1286 f.
750 1268 781 1286 ιι.
795 1268 823 1286 v.
835 1257 939 1287 Bekk.

272 1297 309 1326 P.
327 1300 399 1328 ²212).
425 1303 454 1329 ⁴2.
470 1297 605 1339 ἐχόντων]
627 1299 771 1332 λαβόντων
792 1309 820 1329 ιι.
836 1299 940 1328 Bekk.

229 1338 311 1369 Ibid.
342 1341 526 1382 ἀπορώτερον]
566 1341 746 1382 ἀπορωτέρως
777 1352 804 1371 u.
840 1341 937 1371 Bekk.

230 1385 280 1412 11.
296 1385 504 1425 λυμηνάμενοι]
530 1385 764 1424 διαλυμηνάμενοι
787 1394 817 1413 ιι.
835 1384 938 1414 Bekk.

229 1427 279 1455 13.
295 1425 512 1468 ἀπολιπόντες]
530 1427 660 1461 λιπόντες
672 1438 703 1456 ιι.
714 1427 814 1457 Bekk.
858 1427 938 1457 lbid.

227 1467 391 1505 γεγενῆσθαι
428 1471 476 1509 (et
511 1471 556 1499 sic
587 1473 623 1500 A.
649 1470 721 1511 1..)]
755 1468 882 1507 γενέσθαι
909 1480 937 1499 ιι.

226 1511 329 1541 Bekk.
396 1517 496 1552 antep.
513 1512 578 1553 καὶ]
600 1512 614 1543 ἢ
629 1523 660 1542 ιι.
729 1513 807 1542 lbid.
825 1514 938 1543 ἀνοητο-

225 1555 348 1595 τάτους]
364 1555 568 1595 ἀνομωτάτους
583 1557 611 1585 b.
628 1556 650 1586 f.
665 1566 696 1585 u.
712 1555 816 1586 Bekk.
883 1556 938 1586 ult.

548 1614 663 1641 ῃρουντο

226 1637 338 1675 ἡγοῦντο
355 1639 442 1670 Med.
458 1640 529 1670 Ald.
548 1641 660 1678 ἡγοῖντο
677 1650 706 1669 v.
751 1639 834 1670 lbid.
847 1637 936 1681 ἐνίοις]

226 1691 261 1710 ενι
278 1691 308 1711 ιι.

270 1724 308 1753 Ρ.
328 1726 401 1755 213.
425 1725 479 1755 ult.
496 1725 560 1765 [καὶ
574 1724 686 1765 φονέας]
704 1725 807 1755 Bekk.

269 1767 307 1796 P.
320 1770 392 1798 214.
405 1769 434 1798 3.
445 1768 511 1809 καὶ]
522 1767 571 1807 ιιι-ἰν
580 1768 678 1798 Wolf.
725 1768 808 1798 Ibid.
818 1767 939 1798 ἕκαστον

226 1809 305 1847 ἡμῶν
319 1809 394 1851 ἔχειν
409 1821 438 1840 ιι.
505 1812 559 1841 ult.
574 1813 706 1842 τοσοῦτον
720 1811 822 1852 πόρ’ῥω]
839 1812 938 1841 τοσοῦ-

225 1863 272 1881 τον
289 1863 348 1883 οιιι.
365 1863 395 1883 ιι.
412 1853 514 1884 Bekk.

270 1896 309 1926 P.
324 1898 398 1926 215.
422 1898 452 1926 3.
471 1899 525 1931 τὰς
539 1895 608 1937 μὲν]
633 1896 689 1936 μὲν
710 1907 770 1926 om.
789 1907 816 1926 ιι.
831 1895 934 1926 Bekk.

225 1940 256 1967 4.
272 1940 322 1972 τῆς
337 1938 375 1980 δ’]
398 1939 447 1968 καὶ
461 1942 511 1973 τῆς
528 1950 558 1969 ιι.
575 1940 675 1970 Bekk.
742 1940 772 1969 5.
795 1938 842 1968 καὶ
863 1939 934 1979 τῶν]

224 1980 272 2010 καὶ
300 1982 362 2021 περὶ
388 1984 443 2011 τῶν
464 1983 485 2012 f.
510 1993 538 2012 u.
563 1983 659 2012 W'ols.
681 1983 786 2012 Bekk.
862 1993 930 2021 pen.

224 2025 302 2053 κατὰ
318 2025 446 2065 πάντων]
464 2023 527 2054 καθ’
541 2026 675 2055 ἁπάντων
690 2036 718 2054 ιι.
734 2024 836 2054 Bekk.

267 2068 304 2096 P.
337 2070 411 2099 ⁴216.
450 2072 478 2098 1.
510 2067 699 2108 ἀνίστασθαι]
731 2067 762 2097 ἃν
791 2066 934 2098 ἰάσασθαι

224 2110 315 2140 codd.
332 2115 361 2139 et
379 2111 449 2140 edd.
517 2114 568 2141 10.
585 2112 606 2141 οῖ
624 2113 744 2142 πολῖται
763 2109 830 2149 πρὸς
844 2111 933 2141 ἀλλη-

222 2157 287 2187 λους
300 2164 330 2183 ιι.
342 2154 446 2184 Bekk.
492 2157 543 2185 12.
559 2152 742 2196 ἀθυμότερον]
756 2152 937 2194 ἄθυμοτέρως

222 2205 256 2225 u.
272 2196 376 2227 Bekk.
525 2200 531 2207 ⁴

266 2239 304 2268 P.
322 2241 394 2269 217.
422 2243 450 2270 1.
466 2240 614 2280 προσῆκον]
632 2240 766 2280 προσῆκεν
783 2249 814 2269 ιι.
832 2238 935 2270 Bekk.

224 2284 254 2311 6.
282 2280 357 2316 ἐντὸς
383 2282 474 2323 Φασ.]
503 2282 552 2313 ἐπὶ
579 2282 646 2312 τάδε
670 2289 746 2312 Φασ.
773 2293 804 2312 ιι.
829 2281 935 2312 Bekk.

223 2329 326 2364 antep.
354 2326 437 2365 εἲωερ
466 2325 606 2367 ἀναγνοίη]
638 2326 661 2355 εἶ
689 2325 873 2366 παραναγνοίιι
905 2336 935 2356 ιι.

223 2368 324 2399 Bekk.

269 2412 302 2439 Ρ.
320 2412 393 2441 ι218.
418 2414 469 2441 11.
483 2410 524 2451 ὃς]
542 2411 585 2446 οὓς
599 2412 627 2440 b.
643 2411 733 2440 Med.
749 2411 822 2440 Ald.
884 2413 934 2442 13.

223 2450 360 2493 ποθῆσαι]
376 2453 497 2484 ποθέσαι
513 2464 544 2484 ιι.
561 2453 666 2484 Bekk.
728 2456 779 2484 16.
793 2456 854 2489 τοῖς
868 2454 936 2495 Βαρ-

223 2494 317 2536 Βάροις
333 2507 393 2525 om·
410 2507 439 2526 u.
454 2498 554 2527 Bekk.
598 2497 652 2526 ult.
669 2497 826 2538 τοσαύτην]
841 2498 935 2527 τοιαύ-

223 2549 273 2569 την
287 2549 314 2568 ιι.
329 2539 370 2569 B<
378 2540 430 2569 kk.
476 2541 559 2570 lbid.
575 2537 696 2581 δουλίαν]
712 2539 834 2570 δουλείαν
845 2540 935 2570 codd.

224 2586 254 2611 et
271 2581 343 2611 edd.

266 2625 303 2654 P.
332 2626 405 2654 219.
430 2627 459 2654 8.
486 2623 636 2664 ἐλευθέροις
657 2625 781 2664 ἀξιοῦσιν
806 2624 874 2655 εῖναι
904 2635 935 2655 ιι.

224 2669 274 2697 10.
298 2666 458 2708 ἐπίλοιπον]
482 2667 574 2697 λοιπόν
594 2678 625 2697 ιι.
647 2667 753 2698 Bekk.
822 2671 874 2698 16.
898 2668 937 2703 εἰς

222 2711 369 2751 τοσοῦτον]
390 2710 428 2743 εἷς
449 2720 508 2740 om.
532 2721 563 2740 u.
588 2709 689 2740 Bekk.
756 2713 807 2741 18.
823 2713 871 2742 τὴν
889 2710 935 2752 δὲ]

221 2755 270 2783 τῆν
284 2753 338 2792 μέν
353 2764 385 2791 γε
409 2763 439 2783 ιι.
457 2753 559 2782 Bekk.
625 2759 728 2793 antep.
750 2755 799 2784 τὴν
818 2753 863 2794 δὲ]
887 2755 936 2783 καὶ

221 2798 270 2826 τήν
292 2797 321 2826 b.
339 2807 368 2826 u.
387 2796 469 2826 Med.
488 2795 559 2826 Ald.
576 2796 680 2826 Bekk.
747 2807 818 2836 pen.
839 2797 935 2827 ὀλυν-

222 2837 285 2873 Βίοις
309 2839 357 2869 καὶ
389 2836 533 2872 Φλιασίοις
560 2840 748 2880 πολεμοῦσιν]
781 2838 935 2875 Ὀλυνθίους

221 2881 268 2911 καὶ
286 2880 436 2916 Φλιασίους
449 2882 639 2921 πολιορκοῦσιν
652 2892 681 2909 ιι.
700 2881 803 2912 Bekk.

265 2926 299 2955 Ρ.
315 2928 389 2956 220.
413 2928 442 2954 1.
459 2924 546 2963 ΒαρΒ.
564 2923 630 2963 τῆς]
655 2923 740 2963 euge.
764 2925 809 2964 τῷ
827 2926 880 2959 τῆς
904 2936 934 2955 ιι.

219 2968 320 2998 Bekk.
389 2970 419 2998 2.
441 2967 515 3001 ὅπως
539 2967 628 3008 μεγ.]
656 2966 733 3001 ὅπως
756 2968 790 3001 ὡς
811 2978 883 3006 μεγ.
903 2978 933 2997 ιι.

218 3010 321 3041 Bekk.
398 3013 448 3040 10.
480 3010 558 3050 μόνον
586 3009 649 3050 οὐχὶ
680 3019 740 3040 om.
771 3020 801 3040 u.
832 3010 933 3040 Bekk.

658 320 688 348 5.
703 317 897 356 γεγενημένους
914 322 934 347 t.

976 203 1311 246 LECTIONES

969 317 1397 348 lbid.‘r>2v01n.codd.etedd.
1427 319 1680 362 18.γνώμην’έχον-

968 360 1039 399 τας]
1063 359 1184 400 ἔχοντας
1205 362 1254 390 τὴν
1272 360 1382 399 γνώμην
1405 371 1434 391 ιι.
1456 358 1559 392 Bekk.
1627 368 1679 394 20.

969 402 1182 443 ἁμαρτάνουσι]
1191 404 1310 443 παροῦσι
1322 413 1353 432 ιι.
1362 404 1463 433 Bekk.
1507 411 1609 444 antep.
1620 412 1679 436 λοι-

970 445 1124 486 δοροῦντας]
1136 446 1257 475 τοιαῦτα
1267 445 1402 484 λέγοντας
1410 457 1441 476 ιι.
1453 447 1551 477 Bekk.
1597 449 1679 478 lbid.
1692 451 1695 453 “

970 488 1092 517 τοιαῦτα
1105 488 1292 527 πράττοντας
1310 488 1492 528 λοιδοροῦντας
1513 500 1543 519 ιι.
1561 491 1662 520 Bekk.

1016 532 1051 560 P.
1067 533 1142 561 221.
1166 535 1196 561 2.
1225 531 1302 569 κοινῷ
1319 532 1388 572 τῶν]
1412 532 1487 570 κοινῷ
1506 532 1551 571 τῷ
1571 535 1626 562 τῶν
1649 544 1679 563 ιι.

972 572 1074 603 Bekk.
1145 574 1176 603 3.
1201 571 1231 611 ἐξ
1251 570 1286 602 οἷν
1310 573 1412 614 ἔσται]
1441 573 1498 612 ἐξὸν
1524 585 1554 605 ιι.
1579 575 1683 606 Bekk.

972 621 1076 656 antep.
1103 616 1169 650 τοὺς
1193 615 1263 655 μὲν]
1297 616 1412 651 τούτους
1436 617 1492 656 μὲν
1519 628 1549 647 ιι.
1579 617 1681 648 Bekk.

971 669 1041 697 pen.
1059 660 1100 688 τὰ
1117 669 1176 688 οιιι.
1192 668 1222 688 ιι.
1239 658 1341 688 Bekk.
1408 660 1463 689 ult.
1479 659 1550 699 ἀφθ.
1566 660 1681 701 χώρας]

973 700 1043 740 ἀφθ-
1060 703 1112 734 τῖῖς
1126 700 1219 741 χώρας
1233 712 1265 732 ιι.
1281 701 1384 731 Bekk.
1542 697 1545 700 Α

1017 745 1054 773 Ρ.
1079 746 1153 775 222.
1176 746 1208 773 8.
1227 745 1278 774 τοῦ
1296 743 1360 784 τὴν]
1384 745 1434 774 τοῦ
1455 755 1515 774 om.
1533 755 1563 775 u.
1578 745 1682 775 Bekk.

974 785 1056 816 Ibid.
1081 784 1301 826 προῦργιαίτερόν
1320 785 1400 816 ἐστιν
1425 798 1456 817 ιι.
1477 788 1584 818 Bekk.
1647 790 1682 818 ⁷9.

973 827 1120 870 οὐδέποτε]
1140 828 1286 868 μηδέποτε
1308 839 1338 859 ιι.
1361 829 1465 860 Bekk.
1520 830 1601 860 lbid.
1619 829 1686 871 πρὸς

973 871 1115 906 ἀλλήλους
1137 873 1326 910 πολεμοῦντες
1346 883 1374 901 ιι.
1391 872 1494 903 Bekk.
1562 876 1615 904 12.
1631 873 1683 902 τύ-

973 915 1048 955 χας]
1061 914 1154 955 τύχην
1168 925 1200 944 ιι.
1217 915 1320 945 Bekk.
1366 915 1449 944 lbid.
1470 915 1604 956 διαλύειν]
1618 927 1683 946 συν-

975 957 1094 987 διαλύειν
1109 968 1139 988 ιι.
1155 957 1257 987 Bekk.
1324 960 1375 988 15.
1393 956 1425 987 ἐκ
1440 958 1505 998 τῆς]
1526 957 1558 988 ἐκ
1575 970 1634 989 om.
1653 969 1683 989 u.

974 1000 1079 1030 Bekk.
1124 1010 1194 1039 pen.
1211 999 1370 1038 τειριβάζου
1385 1011 1416 1030 ιι.

1020 1043 1057 1073 Ρ.
1076 1045 1150 1074 223.
1182 1046 1209 1072 1.
1235 1041 1319 1082 μέρος
1340 1053 1401 1073 om.
1426 1054 1456 1073 u.
1483 1044 1585 1074 Bekk.
1651 1046 1683 1074 5.

974 1085 1105 1125 τριήρεις]
1132 1084 1229 1118 πόλεις
1249 1095 1279 1114 ιι.
1296 1085 1398 1116 Bekk.
1430 1120 1433 1123 ¹
1465 1088 1517 1117 13.
1532 1085 1683 1127 τειχίζειν]

973 1126 1133 1169 ἐντειχίζειν
1156 1139 1184 1157 ιι.
1208 1127 1310 1157 Bekk.
1375 1132 1478 1169 antep.
1504 1128 1530 1158 ἓν
1553 1130 1630 1170 τοῖς]
1658 1129 1684 1160 ἐν

974 1180 1033 1199 οιιι.
1053 1181 1082 1200 ιι.
1100 1171 1198 1201 Bekk.
1255 1171 1336 1200 lbid.
1353 1172 1520 1213 πεποίηται]
1537 1172 1685 1203 πεποίηκεν

975 1223 1003 1242 ιι.
1030 1213 1133 1243 Bekk.
1205 1212 1262 1242 ult.
1287 1214 1445 1255 στρατιάν]
1469 1213 1623 1255 στρατείαν
1652 1225 1680 1245 ιι.

975 1254 1075 1285 Bekk.

1018 1297 1056 1326 P.
1071 1299 1145 1327 224.
1170 1301 1201 1328 1.
1218 1296 1351 1329 ἁπάντων
1365 1297 1464 1338 αὐτὸς]
1480 1300 1614 1330 ἁπάντων
1623 1311 1682 1331 om.

973 1348 1002 1367 u.
1020 1340 1091 1369 Ald.
1112 1341 1210 1371 Bekk.
1281 1340 1364 1370 lbid.
1383 1341 1449 1380 πρὸς
1469 1341 1503 1370 τὸ
1528 1344 1683 1384 πολεμεῖν]

973 1384 1186 1422 προσπολεμεῖν
1203 1393 1233 1412 ιι.
1251 1383 1352 1412 Bekk.
1421 1386 1451 1414 6.
1467 1385 1528 1424 περὶ
1543 1386 1608 1425 τῆς]
1633 1387 1685 1420 τῆς

972 1424 1042 1463 ἰπερὶ
1066 1432 1096 1455 v.
1162 1427 1192 1455 7.
1220 1426 1286 1454 ταῖν
1309 1432 1386 1456 ωολ.
1410 1426 1602 1469 ἀμφοτέραιν]
1625 1429 1684 1459 τοῖν

971 1474 1041 1497 πολ.
1061 1466 1233 1508 ἀμφοτέροιν
1250 1477 1281 1497 ιι.
1301 1468 1404 1499 Bekk.
1471 1473 1502 1501 9.
1518 1471 1683 1511 μηδέποτε]

971 1511 1013 1548 μὴ
1031 1521 1061 1540 ιι.
1079 1511 1178 1541 Bekk.
1247 1514 1299 1540 11.
1315 1512 1421 1541 τούτων
1436 1511 1502 1552 ivn]
1526 1512 1620 1553 θάτερ’
1633 1513 1684 1545 ἐπ.

972 1563 1004 1582 ιι.
1020 1554 1123 1584 Bekk.
1170 1555 1222 1584 13.
1236 1563 1309 1593 μεγ.
1325 1553 1428 1595 ῥοπὰς]
1444 1565 1516 1594 μεγ.
1530 1556 1586 1590 τὰς
1598 1557 1686 1598 ῥοπὰς

971 1605 1001 1625 ιι.
1015 1596 1119 1627 Bekk.
1185 1596 1241 1626 ult.
1255 1594 1446 1638 Ἀκροκόμαν]
1462 1597 1640 1639 Ἀβροκόμαν
1652 1610 1687 1630 ιι.

970 1638 1074 1669 Bekk.

1014 1682 1051 1711 P.
1067 1683 1141 1713 225.
1165 1683 1196 1712 6.
1215 1683 1270 1711 τῶν
1290 1680 1316 1711 ἐν
1336 1682 1436 1723 Κύπρῳ
1457 1693 1516 1714 om.
1532 1695 1563 1714 ιι.
1578 1684 1685 1715 Bekk.

971 1726 1003 1754 ¹7.
1021 1724 1049 1755 δὲ
1063 1727 1113 1755 τὴν
1133 1725 1182 1763 (ει
1198 1724 1242 1754 sic
1258 1725 1297 1754 A.
1316 1724 1375 1766 [δὲ]
1391 1728 1440 1756 τὴν
1457 1725 1528 1768 h.)]
1551 1729 1600 1759 τῆν
1621 1739 1680 1758 om.

972 1779 1002 1798 u.
1019 1779 1046 1798 v.
1064 1767 1164 1798 Bekk.
1212 1770 1243 1798 8.
1259 1767 1338 1808 εἶχε]
1357 1768 1417 1810 ἔχει
1435 1780 1464 1799 ιι.
1480 1769 1585 1800 Bekk.

1017 1811 1054 1842 P.
1069 1813 1143 1842 226.
1161 1815 1190 1840 1.
1208 1809 1310 1851 Κνίδον]
1330 1811 1415 1841 Ῥόδον
1430 1812 1520 1842 codd.
1542 1817 1572 1842 et
1592 1814 1680 1845 Med.

971 1852 1045 1885 Ald.
1069 1854 1170 1884 Bekk.
1238 1857 1269 1885 5.
1294 1853 1419 1894 Κόνωνος]
1442 1853 1567 1894 Κίμωνος
1587 1857 1682 1887 codd.

972 1901 1083 1934 praeter
1096 1907 1125 1926 u.
1142 1896 1194 1935 qui
1211 1895 1326 1931 κοίνωνος
1347 1902 1378 1926 et
1406 1898 1490 1926 Med.
1508 1898 1582 1928 Am.
1649 1903 1682 1930 8.

969 1939 1002 1968 τὸ
1019 1939 1079 1980 περὶ
1094 1941 1141 1970 τὴν
1157 1937 1270 1980 Ἀσίαν]
1289 1939 1322 1969 τὸ
1338 1939 1534 1979 προκινδυνεῢον
1548 1941 1618 1983 ὑπὲρ
1631 1943 1683 1976 τῗίς

968 1981 1069 2016 Ἀσίας
1091 1993 1121 2012 ιι.
1143 1981 1246 2012 Bekk.
1314 1982 1395 2012 lbid.
1418 1982 1514 2024 μόνον]
1537 1985 1627 2024 μόνων
1649 1995 1681 2016 u.

969 2025 1070 2056 Bekk.

1012 2069 1050 2098 P.
1077 2069 1151 2098 2⁶27.
1178 2070 1207 2098 5.
1232 2065 1359 2107 δικαίοις]
1389 2067 1500 2102 δικαίως
1525 2080 1554 2099 ιι.
1575 2069 1682 2100 Bekk.
1734 2084 1737 2085 ⁷

969 2114 1000 2142 7.
1018 2111 1203 2152 παραλιπὼν]
1225 2111 1409 2150 παραλείπων
1432 2122 1460 2142 ιι.
1477 2111 1582 2142 Bekk.
1649 2116 1681 2144 9.

970 2153 1139 2194 Δερκυλίδας
1155 2164 1184 2184 ιι.
1202 2153 1304 2184 Bekk.
1375 2157 1425 2183 10.
1440 2153 1557 2195 ἐπῆρξε]
1574 2154 1683 2195 ἐπῆρχε

970 2207 1002 2227 ιι.
1019 2197 1122 2227 Bekk.
1189 2202 1292 2236 anlep.
1307 2197 1459 2238 ΘίμΒρων]
1484 2197 1590 2238 Θίβρων
1605 2209 1633 2227 u.
1652 2209 1682 2228 v.

970 2240 1059 2270 Med.
1079 2240 1148 2270 Ald.
1165 2240 1268 2270 Bekk.
1333 2251 1402 2279 pen.
1419 2242 1531 2281 πῑίσαν]
1553 2241 1682 2270 ἅπασαν

1188 2283 1244 2312 ult.
1260 2281 1343 2321 Κύρου
1359 2293 1426 2312 cum
1443 2284 1526 2323 vu1g.
1543 2284 1632 2313 codd.
1651 2289 1682 2313 et

1140 2325 1225 2355 lbid.
1249 2324 1452 2367 στρατοπέδῳ]
1473 2325 1697 2367 σιτ-ροιτεύμινπιμ

972 2293 1000 2312 ιι.
1018 2282 1121 2313 Bekk.

970 2325 1073 2356 Bekk.

971 2378 999 2397 u.
1019 2367 1122 2398 Bekk.

1013 2412 1050 2441 P.
1064 2414 1138 2442 228.
1155 2413 1185 2440 1.
1200 2411 1316 2444 ἀπάσης
1332 2421 1391 2440 οιιι.
1405 2421 1435 2441 ιι.
1449 2411 1551 2441 Bekk.
1597 2411 1681 2442 lbid.

969 2453 1018 2483 καὶ
1036 2454 1109 2495 οὐδε]
1137 2453 1184 2483 καὶ
1207 2455 1262 2493 μὲν
1284 2452 1343 2483 οὐδὲ
1365 2464 1393 2483 ιι.
1411 2453 1514 2484 Bekk.
1582 2456 1612 2486 2.
1628 2455 1680 2484 τοῦ

969 2496 1114 2531 Βασιλέως
1145 2506 1174 2526 ιι.
1240 2497 1269 2527 5.
1298 2495 1462 2536 Θαλάττης]
1487 2495 1622 2538 θαλάττῃ
1650 2507 1681 2527 ιι.

970 2539 1077 2569 Bekk.
1142 2541 1172 2569 7.
1191 2540 1241 2569 τοῦ
1257 2538 1345 2580 Bam]
1371 2539 1417 2569 τὶν
1436 2539 1511 2572 Bac.
1527 2550 1557 2570 u.
1574 2540 1679 2570 Bekk.

971 2585 1022 2614 10.
1035 2581 1208 2622 ὑπολείπειν]
1227 2583 1374 2613 ὑπολιπεῖν
1386 2593 1414 2612 u.
1427 2582 1532 2614 Bekk.
1577 2587 1680 2622 antep.

968 2627 1018 2656 τῆν
1042 2625 1112 2665 τῶν]
1137 2627 1193 2654 τῶν
1216 2635 1276 2655 om.
1306 2635 1335 2655 u.
1360 2625 1464 2655 Bekk.
1530 2635 1600 2664 pen.
1625 2625 1681 2663 μὲν

969 2666 1219 2709 ἐπιλελεγμένους]
1255 2666 1472 2706 ἐπειλεγμένους
1506 2679 1538 2698 ιι.
1576 2667 1679 2698 Bekk.

971 2712 1025 2741 ult.
1043 2711 1160 2741 πόλεσιν
1175 2721 1235 2741 om.
1252 2721 1281 2740 ιι.
1298 2711 1402 2740 Bekk.

1015 2754 1050 2784 Ρ.
1067 2756 1141 2785 229.
1158 2757 1188 2784 2.
1212 2753 1419 2793 προδιδομένους
1443 2763 1474 2782 v.
1499 2753 1584 2783 Med.
1648 2755 1680 2782 4.

967 2796 1060 2826 αὐτῶν
1072 2797 1176 2830 ἥττους
1190 2807 1222 2826 ιι.
1240 2797 1338 2826 Bekk.
1405 2797 1437 2826 6.
1457 2797 1513 2825 τῶν
1527 2795 1680 2836 Ἑλλήνων]

967 2841 1024 2868 τῶν
1039 2838 1192 2880 ἐπικούρων
1208 2850 1237 2869 ιι.
1254 2839 1357 2870 Bekk.
1426 2841 1478 2867 11.
1497 2836 1680 2879 ἔνεγκᾶντων]

967 2880 1131 2920 ἐνεγκόντων
1166 2893 1195 2912 ιι.
1227 2882 1330 2912 Bekk.
1409 2883 1461 2910 1⁰2.
1491 2880 1680 2922 Τισαφέρνην]

967 2924 1162 2966 Τισσαφέρνην
1187 2936 1216 2954 ιι.
1244 2923 1347 2954 Bekk.
1415 2923 1470 2954 ult.
1495 2922 1680 2965 ἐπιμέλειαν]

967 2966 1014 2998 ἐπὶ
1032 2967 1109 2997 λείαν
1124 2979 1152 2998 ιι.
1170 2967 1273 2997 Bekk.

1011 3011 1048 3041 P.
1063 3013 1139 3042 230.
1152 3013 1182 3041 3.
1197 3010 1298 3051 αὐτοῦ]
1314 3009 1408 3039 αὐτῶν
1417 3010 1450 3040 b.
1466 3019 1498 3040 v.
1509 3008 1597 3039 Med.
1607 3007 1682 3038 ΑΜ.
