1924 3314
301 191 401 238 1⁶28
777 195 1268 240 ΙΣΟΚΡΑΤΟΥΣ

291 310 444 381 Θεώρει
474 305 537 359 τοὶ
562 307 804 378 ’γιγνόμενα
833 332 912 360 και
947 308 1011 361 τοὶ
1039 330 1382 377 συμπιπτοντα
1409 330 1488 358 και
1518 315 1609 365 τοῖς
1634 304 1746 358 ἰδιω-

289 405 391 438 τοιις
416 404 495 432 και
523 391 613 441 τοῖς
634 400 865 450 τυραννοις·
889 382 964 434 ἓαν
991 381 1081 450 ’γοῖρ
1110 405 1172 432 τα
1199 380 1550 449 παρεληλυθ6τα
1575 404 1744 450 μνημο-

289 453 419 523 νεύῃς,
440 451 612 524 οἵμεινον
631 455 758 541 Ῑηπεξι
784 481 869 508 των
864 455 1144 556 Ξμελλόντων
1170 453 1411 524 βουλευτῇ
1465 455 1615 506 Δεινον
1633 454 1745 520 ἧγου

288 551 374 578 των
399 551 480 597 μεν
507 527 684 581 ι’διωτων
711 528 882 588 τινοῖς2
894 527 1060 582 &emm
1087 527 1456 590 οἷποθνῆσκειν,”
1431 552 1504 580 ινα
1531 525 1744 590 τελευτή-

287 624 448 660 σαντες
472 602 757 666 ἐπαινεθωσι,
789 627 890 662 τους
915 601 957 655 δὲ
994 604 1216 660 ἕασιλεας
1240 601 1303 671 μὴ
1330 601 1507 671 τολμᾷν
1533 603 1741 669 χρῆσθαι

286 699 376 733 τοις
411 673 736 744 ἐπιτηδεύμασι
777 678 964 738 τούτοις,
1001 674 1116 740 εξ
1082 687 1135 727 ὠν
1175 675 1335 747 ζῶντες
1369 673 1738 746 εὖὸοκιμῆσουσιν.

283 750 446 800 Βούλου
482 774 567 808 τας
602 749 770 810 εικόνας
806 775 886 809 τἠς
920 750 1072 817 αἱρετῆς
1109 750 1352 820 υπόμνημα
1388 749 1568 819 μᾶλλον
1601 749 1630 811 ἦ
1664 773 1739 801 του
1761 758 1785 795 b

283 845 497 892 σωματος
523 834 816 877 καταλιπεῖν.
866 825 1100 876 Μάλιστα
1124 848 1204 892 μεν
1220 847 1359 913 πειρω
1384 847 1461 885 την
1487 822 1742 888 οἷο-φαλειαν

282 898 439 963 σαυτῷ
468 921 547 949 και
584 923 639 968 τῃ
675 897 805 950 πόλει
843 896 1180 962 ὃιαφυλαττειν·
1217 897 1323 949 Οεαν
1363 894 1405 948 δ’
1431 897 1744 968 ἀναγκασθῇς

281 968 546 1033 κινδυνευειν,
573 972 696 1061 αἴρου
729 987 884 1031 καλως
915 971 1113 1024 τεθναναι
1145 986 1327 1042 μαλλον
1357 971 1383 1032 ἢ
1415 972 1494 1041 ζ’ᾖν
1506 994 1739 1062 αισχρως.

279 1043 400 1095 Ev4
409 1069 527 1097 'froco-1
559 1070 649 1105 τοις
677 1045 814 1112 ε’ργοις
839 1069 1036 1116 μεμνησο
1062 1070 1141 1105 της
1161 1045 1419 1107 ἕασιλειας,
1442 1068 1520 1096 και
1549 1043 1743 1117 φρόντιζε

279 1116 404 1177 ὅπως
427 1117 555 1189 μηδεν
586 1117 764 1185 αναξιον
793 1144 871 1182 της
897 1144 1027 1190 τιμης
1053 1120 1222 1181 ταύτης
1247 1116 1477 1187 5πραξεις.

281 1214 289 1232 ¹
315 1215 362 1244 καὶ
380 1227 449 1256 wega
466 1217 502 1247 A
519 1218 554 1247 C.
570 1218 606 1246 L.
867 1215 1003 1247 ςἕὲθέλειν
1015 1217 1092 1251 τινὰς
1107 1218 1145 1247 A.
1159 1217 1194 1247 C.
1213 1218 1251 1247 L.

539 1259 552 1277 ⁴
575 1259 672 1289 ἅπασι
689 1261 726 1290 Α,
744 1262 780 1291 C.
797 1262 832 1290 L
1165 1259 1177 1278 ⁵
1201 1259 1325 1293 ποιήσεις
1341 1260 1380 1290 Α.
1396 1259 1430 1289 C.
1451 1260 1487 1290 L.

1167 1333 1184 1345 ’¹
1216 1334 1320 1364 Face.
1356 1334 1439 1364 Alibi
1465 1334 1592 1364 Cicero:
1639 1339 1743 1364 ‘murs

1026 1377 1155 1406 honesta
1177 1387 1259 1415 saepe
1277 1377 1371 1407 vitam
1394 1387 1519 1426 quoque
1540 1383 1662 1416 turpem
1687 1388 1744 1408 ex-

1520 1215 1585 1249 ἃῆν
1600 1218 1640 1248 Α.
1658 1219 1694 1249 G.
1707 1217 1744 1249 L.

322 1331 385 1361 Εέιν
403 1335 457 1372 γὰρ
475 1344 515 1362 τι
537 1339 685 1385 πιαςαληλ.
707 1345 762 1374 μνν
757 1333 862 1375 μονεύν
857 1334 892 1374 ς]
919 1334 990 1363 Plu·
1029 1333 1161 1364 videtur.

279 1380 325 1403 tar
328 1376 401 1404 ebus
412 1376 535 1405 scribit:
557 1376 591 1405 ‘H
602 1379 656 1406 τῶν
667 1377 854 1417 γεγενημένων
867 1376 993 1416 πξάξεων

279 1429 379 1457 μνημη
396 1420 432 1448 τ’νῖ
436 1430 512 1458 πεξ
516 1432 523 1448 ι
540 1422 595 1449 τῶν
609 1420 774 1457 μελλόνταν
789 1420 817 1449 εἰ
820 1418 931 1453 §aaziae
947 1419 992 1457 γί-

279 1463 356 1490 νεται
381 1462 580 1501 παράδειγμα..
602 1463 640 1492 de
663 1463 718 1492 lib.
736 1464 824 1492 educ.
844 1474 870 1491 c.
886 1463 991 1492 XIII.

279 1503 330 1532 Ex
347 1505 520 1542 proverbiis
536 1505 695 1534 Catonian.
713 1505 742 1535 in
760 1506 788 1535 I.
804 1506 842 1535 A.
857 1505 992 1535 Fabricii

280 1545 356 1575 bibl.
375 1548 455 1576 med.
472 1552 502 1576 et
524 1547 577 1576 inf.
603 1549 725 1578 Latinit.
749 1549 812 1578 vol.
834 1558 863 1577 v.
885 1558 917 1587 p.
938 1550 990 1579 53.

280 1594 300 1606 ‘'
312 1590 396 1626 Quid
413 1595 521 1619 cantus
537 1601 660 1624 caveas,
672 1590 770 1620 aliena
784 1592 928 1629 exempla
939 1591 991 1620 do-

280 1631 427 1661 cebunt.''
454 1633 624 1673 Dionysius
640 1633 799 1663 Halicarn.
816 1632 995 1665 Βουλεύενταί

1027 1426 1135 1457 ornat;
1160 1419 1223 1449 vita
1246 1420 1345 1458 turpis
1370 1430 1407 1448 ne
1431 1419 1520 1449 morti
1544 1420 1669 1458 quidem
1687 1421 1742 1450 ho-

1027 1467 1121 1492 nestae
1132 1464 1232 1491 locum
1246 1461 1422 1501 relinquit.’'
1440 1467 1516 1492 orat.
1532 1472 1586 1500 pro
1596 1462 1742 1501 Quinctio

1027 1516 1055 1535 c.
1072 1505 1148 1535 XV.
1173 1505 1260 1534 Philo
1279 1517 1285 1534 :
1309 1503 1389 1544 ψυχὴ
1412 1504 1565 1543 φιλᾶτιμος
1589 1504 1658 1544 ζωῆς
1678 1505 1743 1534 ἀδό-

1027 1547 1076 1586 ξου
1093 1546 1139 1577 τὶν
1164 1549 1214 1577 σὺν
1236 1546 1347 1587 emeca
1362 1547 1484 1576 θάνατον
1498 1547 1687 1587 προκξίνουσα.
1703 1549 1742 1577 de

1029 1590 1167 1619 fortitud.
1185 1600 1216 1629 p.
1234 1591 1309 1621 7241.
1326 1591 1374 1619 ed.
1391 1591 1499 1619 Franc.
1525 1590 1646 1620 chx.

1070 1632 1204 1671 Μέμνησο
1223 1634 1273 1665 τῆς
1296 1632 1419 1674 Baeton]
1445 1632 1607 1663 Rationem
1623 1632 1668 1663 rei
1685 1632 1740 1663 liu-

279 1684 313 1702 τε
325 1674 429 1709 ἄριστα
445 1685 496 1713 περ
485 1674 507 1703 οἳ
523 1679 578 1705 τῶν
592 1675 756 1714 μελλόντων
769 1676 790 1705 οἱ
804 1675 993 1715 παράδειγμα,
1022 1676 1075 1714 jus
1100 1675 1204 1705 reddit
1221 1676 1404 1705 Plutarchus
1429 1676 1456 1705 in
1480 1680 1629 1715 praecept.
1649 1675 1740 1714 polit.

280 1716 431 1755 ποιούμενα
423 1728 442 1745 ι
460 1718 498 1746 τὸ,
513 1728 603 1755 γεγονο
594 1718 646 1747 ἆται
664 1720 717 1747 τῶν
733 1717 880 1758 ἐσομέναν.
899 1720 993 1757 antiq.

279 1759 300 1787 l.
319 1760 361 1788 X.
380 1770 408 1797 p.
425 1762 497 1789 471.
543 1761 740 1790 Andocides.
764 1764 818 1802 χρὴ
834 1762 994 1801 τεκμηρίοις

279 1813 333 1842 χξν,
320 1801 410 1831 ἔσθει
438 1804 498 1835 τοῖς
519 1802 633 1843 πξότερο
624 1815 647 1833 ν
669 1804 822 1844 γενομένοις
850 1804 910 1845 περὶ
939 1807 994 1834 τῶν

278 1844 444 1883 μελλόντων
459 1845 593 1875 ἔσεσθαι.
618 1846 737 1876 chx.

324 1887 425 1917 Βούλου
446 1900 501 1921 τις
520 1888 623 1918 εἰκόνα
611 1889 639 1929 ]
666 1889 829 1928 Agesilaus
851 1889 993 1925 moriens,

281 1934 313 1958 ut
331 1936 433 1960 narrat
455 1931 665 1961 Plutarchus·
657 1942 687 1961 in
707 1932 923 1972 apophthegm.
942 1943 993 1962 ve-

280 1972 340 2001 tuit
358 1973 442 2002 sibi
434 1975 584 2012 imagines
601 1975 686 2014 poni.
732 1974 762 2004 Εἴ
779 1986 808 2004 τι
823 1975 894 2004 καλὲ
896 1986 908 2003 ν
921 1974 995 2015 ἔργον

280 2014 420 2045 πεποίηκα.
424 2016 704 2056 ,τοῦτόμουμνημεῖ
694 2017 728 2046 ,όν
736 2016 825 2047 ἔστιν.
842 2018 992 2056 Sumpsit,

281 2058 400 2096 opinor,
428 2059 613 2089 Plutarchus
643 2070 683 2089 ex
714 2061 853 2090 oratione
884 2061 993 2090 Xeno-

284 2101 408 2139 phontis
425 2102 464 2131 de
479 2102 635 2140 Agesilao,
653 2102 705 2132 ubi
722 2104 829 2133 eadem
846 2104 908 2133 sere
925 2114 993 2133 sen-

283 2144 379 2173 tentia
389 2149 448 2181 est,
458 2155 555 2184 prope
568 2146 667 2175 finem.
706 2146 859 2175 Maecenas
871 2157 992 2186 quoque

284 2187 401 2216 monuit
417 2188 604 2226 Augustum,
621 2199 658 2218 ne
678 2193 794 2218 statuas
816 2199 921 2219 aureas
942 2195 993 2219 aut

283 2234 441 2268 argenteas
463 2231 522 2260 sibi
545 2231 608 2261 fieri
629 2236 798 2271 pateretur,
813 2233 868 2262 sed
890 2232 992 2271 potius

283 2277 368 2301 recte
391 2273 508 2311 agendo
531 2275 707 2304 memoriam
729 2274 774 2304 sni
795 2280 992 2315 propagaret,

285 2319 318 2343 ut
330 2320 378 2344 est
393 2316 473 2353 apud
491 2315 716 2347 Dioneml.11.
733 2319 790 2347 sub
807 2318 856 2347 fin.
901 2319 994 2348 Tibe·

285 2357 350 2386 rius
373 2359 456 2397 apud
479 2358 620 2388 Tacitum
644 2360 741 2390 annal.
766 2360 786 2389 l.
809 2360 867 2391 lv.
887 2371 914 2390 e.
940 2363 993 2391 38.

286 2405 306 2416 “
318 2401 395 2429 Haec
412 2400 484 2430 mihi
499 2401 527 2430 in
544 2402 651 2431 animis
669 2403 780 2432 vestris
801 2403 927 2443 templa,
947 2404 993 2433 hae

287 2443 499 2481 pulcherrimae
523 2444 638 2483 effigies
660 2450 690 2474 et
708 2445 888 2475 mansurae.''
933 2447 993 2476 Lo-

286 2486 390 2523 quitur
411 2487 448 2515 de
473 2486 536 2515 suis
561 2487 734 2517 virtutibus.
769 2489 871 2519 FAcc.
905 2490 993 2519 Adde

288 2528 432 2563 Plinium,
445 2529 496 2566 qui
511 2529 615 2558 “fama
630 2530 760 2570 (inquit)
774 2532 923 2570 Principis
936 2543 994 2562 nou

286 2570 468 2608 imaginibus
489 2576 518 2600 et
541 2573 660 2608 statuis,
676 2575 729 2603 sed
748 2574 858 2604 virtute
881 2586 917 2605 ac
934 2586 995 2605 me-

285 2614 354 2643 ritis
378 2614 636 2653 prorogatur.''iu
662 2626 773 2656 paneg.
801 2629 828 2647 c.
851 2618 919 2648 LV.
943 2622 994 2649 10.

287 2656 409 2686 Fnicx.

329 2701 427 2732 Καλῶς
441 2699 589 2739 τεθνάναι]
613 2699 721 2730 Cicero
735 2701 813 2731 offic.
828 2702 847 2731 l.
863 2703 889 2732 Ῐ.
901 2714 927 2733 c.
943 2705 992 2734 23.

287 2743 418 2779 “Quum
442 2748 563 2781 teinpus
589 2744 817 2783 necessitasque
847 2747 994 2784 postulat,

285 2785 501 2814 decertandum
521 2795 608 2814 manu
626 2791 682 2820 est,
701 2792 731 2815 et
752 2798 832 2817 mors
853 2790 994 2818 servituti

285 2827 530 2866 turpitudinique
544 2829 786 2866 anteponenda.''
831 2831 994 2861 Sallustius

284 2871 323 2899 de
340 2870 378 2900 T.
391 2870 528 2910 Turpilio
550 2870 653 2900 Silano
672 2873 818 2902 Praefecto
837 2874 970 2903 vaecae·
964 2886 993 2904 in

285 2913 442 2947 Numidia,
465 2914 494 2942 in
523 2913 593 2942 bell.
618 2915 762 2952 Jugurth.
794 2926 821 2944 c.
853 2917 993 2947 LXVII.

282 2961 304 2973 ¹‘
319 2956 399 2992 Quia
415 2956 459 2985 illi
477 2956 505 2985 in
523 2960 606 2985 tanto
623 2957 702 2986 malo
720 2957 816 2996 turpis
834 2959 895 2988 vitu
916 2959 994 2990 fama

283 2999 400 3038 integra
427 2999 539 3039 potior,
563 2999 721 3038 improbus
745 3000 991 3042 intestabilisque

1027 1720 1083 1748 Διὰ
1103 1718 1192 1757 δόξαν.
1208 1717 1236 1748 ἢν
1255 1719 1277 1747 οἳ
1302 1719 1402 1748 πολλοὶ
1420 1718 1481 1758 mei
1503 1720 1594 1759 ἀςχῖῐς
1620 1718 1669 1748 καὶ
1688 1729 1740 1748 πο-

1028 1759 1137 1794 λιτείας
1151 1760 1275 1801 ἔχουσιν,
1292 1762 1327 1794 ὡς
1343 1762 1518 1801 πράγματος
1531 1761 1675 1801 μεγάλου,
1690 1762 1740 1791 καὶ

1026 1803 1183 1843 καθαρεύειν
1206 1802 1283 1842 ἀξίου
1307 1805 1403 1837 πάσης
1426 1802 1549 1838 ἀτοπίας
1567 1804 1616 1833 καὶ
1637 1810 1739 1843 πλημ·

1025 1846 1156 1885 μελείας.
1215 1847 1337 1886 Itaque,
1363 1852 1397 1876 ut
1431 1847 1512 1877 idem
1545 1848 1588 1877 ait
1620 1847 1740 1877 Plutar-

1027 1891 1103 1919 chus
1121 1899 1176 1918 non
1197 1890 1293 1919 solnm
1314 1890 1343 1918 in
1360 1890 1485 1928 publica
1500 1890 1583 1920 dicta
1604 1894 1635 1919 et
1660 1890 1740 1920 facta

1028 1932 1182 1971 Principis
1220 1932 1394 1972 inquiritur,
1418 1933 1471 1962 sed
1496 1938 1527 1962 et
1562 1933 1592 1962 in
1621 1943 1737 1962 coenam

1027 1976 1106 2014 ejus,
1120 1981 1151 2005 et
1174 1975 1202 2004 in
1219 1976 1332 2010 cubile,
1354 1981 1384 2004 et
1407 1974 1436 2004 in
1454 1975 1691 2011 matrimonium,
1708 1981 1738 2005 et

1026 2018 1056 2047 in
1072 2019 1204 2054 seria,et
1221 2018 1251 2047 in
1267 2019 1387 2048 ludicra
1402 2018 1517 2050 omnia.
1540 2018 1641 2048 Face.
1665 2019 1738 2048 Huc

1027 2061 1162 2099 pertinet
1178 2061 1254 2090 illud
1269 2062 1416 2091 Seuecae:
1441 2065 1464 2078 “
1475 2061 1582 2090 humili
1599 2061 1668 2091 loco
1681 2071 1738 2101 po-

1027 2103 1096 2133 sitis
1117 2114 1263 2134 exserere
1287 2114 1420 2139 manum,
1436 2104 1566 2143 litigare,
1584 2103 1615 2133 in
1640 2104 1738 2134 rixam

1028 2157 1209 2186 procurrere
1225 2157 1261 2177 ac
1276 2157 1390 2176 morem
1407 2148 1460 2176 irae
1481 2157 1545 2176 suae
1566 2157 1685 2184 gerere,
1701 2147 1739 2176 li·

1028 2190 1130 2219 berius
1147 2195 1206 2224 est,
1221 2190 1307 2220 leves
1330 2190 1410 2219 inter
1432 2189 1517 2228 paria
1538 2189 1619 2218 ictus
1643 2195 1736 2226 sunt;

1030 2232 1111 2272 Regi
1129 2233 1307 2262 vociferatio
1320 2242 1443 2271 qnoque
1458 2233 1679 2271 verborumque
1693 2233 1738 2262 in-

1028 2275 1228 2314 temperantia
1254 2286 1311 2305 non
1334 2286 1373 2305 ex
1405 2276 1563 2313 majestate
1586 2274 1667 2305 est.'’
1686 2275 1739 2315 qui

1027 2319 1135 2358 paucis
1158 2318 1330 2356 interjectis
1351 2318 1474 2357 pergit:
1497 2318 1588 2348 “alia
1603 2318 1739 2348 conditio

1029 2366 1076 2390 eut
1091 2371 1208 2396 eorum,
1224 2362 1276 2400 qui
1291 2361 1321 2390 in
1338 2362 1439 2396 turba,
1459 2371 1548 2399 quam
1574 2370 1631 2390 non
1649 2371 1740 2391 exce-

1027 2404 1117 2442 dunt,
1132 2404 1238 2438 latent,
1256 2414 1384 2442 quorum
1399 2409 1429 2434 et
1449 2404 1576 2433 virtutes
1591 2409 1624 2433 ut
1645 2413 1740 2444 appa-

1027 2452 1111 2476 reant
1133 2447 1184 2475 diu
1210 2447 1363 2476 luctantur
1380 2451 1411 2476 et
1427 2446 1502 2476 vitia
1522 2447 1662 2476 tenebras
1687 2447 1739 2476 ha-

1030 2491 1112 2519 bent.
1152 2489 1274 2524 Vestra,
1291 2500 1307 2519 ο
1326 2491 1422 2524 Nero,
1437 2490 1515 2520 saeta
1529 2489 1672 2528 dictaque
1689 2500 1738 2519 ru-

1030 2543 1096 2562 mor
1105 2532 1273 2573 excipit,et
1287 2533 1356 2562 ideo
1366 2533 1458 2562 nullis
1466 2531 1562 2571 magis
1571 2532 1737 2573 curandum

1030 2580 1086 2610 est,
1097 2576 1215 2614 qualem
1226 2576 1333 2605 famam
1347 2575 1488 2614 habeant,
1500 2585 1588 2613 quam
1602 2575 1653 2614 qui
1666 2585 1740 2614 qua-

1029 2618 1208 2657 lemcunque
1239 2619 1417 2654 meruerint,
1441 2627 1578 2655 magnam
1605 2617 1739 2648 habituri

1030 2660 1135 2690 suut.”
1160 2662 1198 2691 de
1223 2661 1384 2691 clementia
1410 2661 1430 2690 l.
1454 2661 1483 2690 I.
1509 2670 1536 2690 c.
1552 2664 1583 2691 7.
1608 2663 1640 2691 8.
1665 2661 1740 2690 item

1032 2703 1148 2734 Plinii.
1142 2714 1147 2720 ·
1173 2708 1192 2721 ‘⁸
1206 2705 1298 2734 habet
1319 2705 1376 2734 hoc
1396 2703 1524 2742 primum
1550 2713 1658 2743 inagna
1679 2704 1739 2733 for-

1030 2752 1113 2786 tuna,
1137 2747 1218 2785 quod
1244 2746 1318 2776 nihil
1343 2751 1456 2776 tectum
1484 2745 1557 2775 nihil
1584 2745 1739 2776 occultum

1029 2800 1076 2819 ess
1080 2802 1096 2819 e
1119 2789 1259 2828 patitur;
1281 2789 1451 2828 principum
1470 2799 1543 2818 vero
1567 2798 1625 2818 nou
1648 2789 1741 2819 modo

1029 2833 1150 2868 domos,
1166 2833 1219 2862 sed
1241 2831 1384 2862 cubicula
1405 2831 1465 2870 ipsi
1492 2830 1676 2870 intimosque
1692 2841 1740 2861 se-

1028 2886 1134 2905 cessus
1145 2875 1453 2913 recludit,omniaque
1465 2884 1575 2904 arcana
1587 2874 1742 2905 noscenda

1028 2919 1116 2948 samae
1134 2917 1278 2957 proponit
1299 2922 1390 2956 atque
1406 2916 1579 2955 explicat.⁷¹
1600 2917 1632 2947 in
1648 2914 1741 2957 pane-

1029 2972 1097 3000 gyr.
1112 2960 1353 2991 0.Lxxx111.
1381 2961 1504 2991 Fnrcx.
