1914 3314
202 1050 279 1091 Pag.

231 1095 280 1125 ed.

209 1137 283 1169 Cor.

204 1182 279 1219 371

969 574 1052 617 IH.

628 687 986 738 ΙΣΟΚΡ

1026 692 1405 741 ΑΤΟΥΣ

759 805 1266 859 1ΠΑΡΑΓΡΑΦΗ

489 930 750 980 ΠΡΟΣ
815 934 1527 982 KAAAIMAXON.

371 1188 426 1214 α.
457 1174 515 1215 ΕΙ
541 1189 618 1235 μεν
644 1165 662 1193 2

1632 1168 1644 1185 Ι

672 1189 750 1217 και
783 1165 914 1217 α’λλοι
948 1189 1055 1224 τινες
1085 1165 1195 1227 ἦσαν
1219 1167 1494 1258 η’«γωνζσμένοι
1521 1191 1718 1230 τοιαυτην
1736 1189 1811 1226 371

297 1237 645 1311 παραγραφὴν,
651 1238 735 1291 α’π·
768 1239 905 1290 αὐτου
930 1263 1004 1290 του
1031 1263 1301 1309 πραγματος
1324 1240 1516 1315 ηρχόμην
1539 1265 1593 1292 αν
1619 1265 1720 1300 τους

467 1341 473 1359 ¹
497 1348 770 1372 ΠΑΡΑΓΡΑΦιΚοΣ
788 1342 826 1372 A.
844 1342 879 1372 C.
898 1342 934 1372 L.

338 1423 631 1454 SUMMARIUM.
656 1424 774 1453 Nomen
791 1423 845 1458 rei,
861 1423 910 1452 cui
927 1422 993 1452 Iso-

298 1471 396 1496 crates
413 1467 489 1496 hanc
508 1467 672 1496 orationem
694 1467 841 1496 adversus
855 1465 993 1494 Callima-

297 1510 385 1539 chum
401 1510 521 1548 scripsit
541 1509 578 1538 de
599 1509 792 1547 exceptione,
807 1508 828 1537 i.
844 1519 871 1538 e.
885 1509 923 1537 de
943 1518 990 1543 eo,

297 1552 378 1591 quod
393 1552 485 1587 actio,
501 1561 588 1590 quam
603 1551 806 1581 Callimachus
820 1551 879 1588 ipsi
894 1551 991 1580 inten-

296 1594 359 1629 dat,
374 1594 425 1623 illo
442 1604 498 1623 non
511 1594 609 1623 danda
620 1594 670 1628 sit,
682 1598 808 1623 tacetur.
825 1591 894 1633 (α’.)
908 1593 991 1629 Quo-

296 1636 375 1668 niam
389 1641 454 1665 ante
467 1646 514 1665 me
531 1646 616 1665 nemo
631 1636 721 1665 talem
736 1635 943 1675 exceptionem
953 1636 992 1665 ad

292 1679 414 1717 judices
429 1679 541 1714 attulit,
563 1679 647 1718 prius
667 1679 705 1708 de
725 1679 805 1718 lege,
821 1689 879 1717 qua
898 1678 990 1707 fretus

296 1721 356 1751 huc
369 1721 436 1751 veni
452 1726 483 1751 et
504 1731 562 1761 qua
581 1727 719 1760 tanquam
741 1732 810 1751 reus
824 1721 907 1759 prins
921 1721 990 1750 dico

296 1774 384 1803 quam
415 1769 583 1799 accusator,
614 1764 776 1794 dicendum
812 1768 868 1799 est,
902 1773 991 1803 quam

295 1816 359 1835 rem
374 1807 467 1846 ipsam
488 1807 655 1846 aggrediar,
700 1807 744 1835 Ea
765 1807 816 1836 lex
834 1807 942 1844 jubet:
965 1807 990 1835 si

295 1849 364 1889 quis
387 1855 498 1888 praeter
521 1854 652 1888 pactum,
676 1849 756 1889 quod
778 1859 794 1878 e
818 1849 935 1878 Piraeeo
959 1849 989 1878 in

294 1893 398 1921 urbem
418 1892 534 1921 reversi
554 1892 680 1927 fecistis,
695 1892 778 1921 litem
794 1896 923 1927 moveat,
937 1901 989 1920 reo

294 1934 387 1964 licere
402 1935 583 1973 exceptione
600 1934 928 1975 (Einwendunggegen
940 1933 989 1963 die

295 1977 529 2006 Zulasslichkeit
549 1977 602 2007 der
628 1976 744 2017 Klage)
771 1977 826 2012 uti,
849 1986 988 2016 eumque,

296 2020 348 2058 qui
366 2019 591 2059 praescriptione
606 2024 718 2055 utatur,
738 2018 838 2058 priore
855 2019 921 2048 loco
943 2019 989 2048 di-

293 2073 373 2098 cere,
383 2068 448 2092 uter
459 2073 529 2091 vero
542 2063 761 2097 succubuisset,
771 2072 837 2091 eum
849 2061 989 2091 mulctam

295 2106 424 2135 solvere.
456 2104 510 2146 (ss'.
516 2104 712 2144 )Ostendam
725 2109 836 2139 antem,
851 2104 989 2133 Callima-

293 2148 383 2178 chum
409 2157 468 2177 non
495 2152 610 2178 tantum
638 2153 741 2178 contra
766 2144 879 2177 foedera
907 2146 988 2177 litem

294 2190 367 2220 mihi
388 2190 557 2226 intendere,
579 2191 630 2220 sed
654 2190 729 2220 falsa
754 2190 843 2219 etiam
867 2189 990 2219 crimina

295 2232 492 2268 comminisci,
502 2233 573 2272 quin
590 2237 620 2262 et
635 2233 738 2263 arbitri
751 2232 924 2262 sententiam
935 2232 989 2262 hac

295 2276 334 2305 de
350 2286 382 2305 re
399 2275 620 2310 intercessisse,
666 2277 754 2306 Nunc
769 2275 856 2305 vobis
871 2285 989 2304 omnem

295 2328 370 2353 rem,
382 2324 415 2348 ut
426 2319 463 2348 ab
473 2318 560 2348 initio
571 2323 656 2358 gesta
665 2323 724 2354 est,
735 2327 894 2356 exponam.
916 2317 989 2358 (γ’.)

297 2361 499 2396 Decemviris,
515 2361 565 2400 qui
587 2367 659 2400 post
678 2361 817 2400 Triginta
832 2360 989 2391 constituti

296 2403 423 2439 fuerant,
443 2403 661 2443 imperantibus
678 2403 802 2439 accidit,
827 2408 859 2434 ut
882 2404 989 2433 Patro-

296 2446 369 2480 cles,
391 2446 548 2476 familiaris
568 2457 665 2482 meus,
689 2446 843 2476 ambulans
862 2456 989 2481 mecum,

297 2488 492 2524 Callimacho,
519 2488 640 2519 inimico
666 2499 732 2525 sno,
755 2489 874 2519 obviam
907 2489 990 2518 fieret

296 2531 453 2570 pecuniam
470 2532 588 2567 ferenti,
600 2536 631 2562 et
645 2532 683 2561 ad
698 2542 788 2561 unum
806 2532 844 2561 de
860 2532 989 2562 Decem-

296 2573 383 2608 viris,
405 2575 443 2603 de
472 2575 611 2612 pecuniis
635 2575 780 2610 referens,
796 2574 936 2610 efficeret,
958 2578 990 2604 ut

296 2616 424 2646 Senatus
455 2616 642 2652 decerneret,
674 2617 753 2656 quod
788 2617 990 2647 Callimachus

298 2668 373 2688 unus
385 2664 467 2687 esset
481 2670 520 2689 ex
537 2659 587 2693 iis,
600 2659 650 2698 qui
668 2660 817 2689 Piraeeum
835 2659 990 2697 confugis·

297 2706 373 2737 sent,
388 2701 545 2740 pecuniam
561 2702 735 2732 Callimachi
751 2712 815 2732 esse
829 2702 991 2742 publicam.

296 2744 416 2778 Postea,
427 2754 516 2782 quum
529 2745 650 2774 exsules
663 2755 679 2774 e
693 2744 810 2774 Piraeeo
821 2745 991 2779 rediissent,

295 2786 496 2817 Callimachus
525 2786 607 2815 litem
637 2787 764 2817 intendit
790 2787 934 2823 Patrocli,
961 2791 992 2817 et

295 2829 398 2859 decem
414 2829 502 2859 minis
517 2829 555 2858 ab
566 2839 602 2858 eo
613 2829 739 2859 extortis
753 2830 824 2860 mihi
840 2830 990 2870 negotium

295 2872 431 2908 facessit,
456 2871 487 2901 in
511 2881 558 2901 me
585 2881 672 2901 unum
691 2873 800 2908 omnia,
826 2884 893 2912 qnae
915 2873 991 2902 sacta

295 2915 421 2951 fuerant,
435 2915 602 2944 conferens.
646 2915 711 2953 Ego
726 2925 797 2944 vero
814 2920 906 2946 testes
922 2925 990 2955 pro-

294 2959 414 2994 ducam,
429 2957 480 2996 qui
497 2957 607 2993 dicent,
628 2966 675 2986 me
697 2967 751 2986 nec
772 2958 869 2996 ipsum
884 2968 990 2998 appre-

296 3001 445 3038 hendisse,
458 3010 514 3032 neo
527 3001 592 3039 ejiis
604 2999 762 3038 pecuniam
777 3000 924 3040 attigisse,
937 3000 991 3029 de-

1340 1343 1353 1361 ²
1373 1343 1420 1372 καὶ
1436 1354 1496 1373 om.
1515 1344 1551 1374 A·

1026 1423 1096 1452 inde
1112 1423 1196 1457 alios,
1217 1423 1267 1462 qui
1293 1424 1404 1460 sciunt,
1418 1434 1480 1453 rem
1501 1434 1558 1454 non
1582 1435 1643 1464 me,
1664 1426 1720 1456 sed

1028 1465 1195 1495 Patroclem
1205 1466 1362 1501 detulisse,
1371 1472 1401 1496 et
1408 1472 1610 1497 accusatorem
1616 1467 1718 1498 fnisse.

1026 1507 1098 1548 (δ’.)
1120 1510 1295 1547 Quanquam
1306 1519 1378 1538 vero
1391 1514 1448 1538 tarn
1462 1509 1548 1539 multi
1560 1510 1647 1540 factis
1658 1511 1718 1540 illis

1025 1551 1237 1586 interfuerunt,
1261 1551 1462 1581 Callimachus
1485 1557 1581 1582 tamen
1607 1553 1718 1592 ubique

1025 1598 1150 1632 questus
1163 1599 1221 1630 est,
1235 1598 1267 1623 nt
1282 1593 1333 1632 qui
1345 1595 1473 1633 pessime
1488 1604 1504 1623 a
1516 1605 1562 1624 me
1573 1599 1717 1626 tractatus

1025 1636 1222 1674 pecuniisque
1245 1636 1394 1676 spoliatus
1417 1642 1509 1666 esset.
1560 1637 1653 1671 Hinc.
1679 1649 1717 1668 ne

1023 1679 1170 1708 calumnia
1191 1678 1282 1708 latius
1305 1683 1508 1718 spargeretur,
1527 1680 1716 1711 hortantibus

1023 1721 1106 1750 illius
1129 1721 1245 1756 amicis,
1265 1722 1383 1751 tandem
1407 1722 1564 1752 drachmas
1585 1723 1638 1752 isti
1659 1724 1716 1753 du-

1024 1769 1125 1793 centas
1140 1764 1223 1799 dedi,
1238 1769 1269 1793 et
1283 1775 1319 1793 ne
1333 1764 1441 1794 iterum
1458 1764 1632 1795 calumniari
1643 1766 1716 1796 lice—

1022 1811 1068 1836 ret
1093 1811 1242 1836 transacta
1265 1818 1297 1836 re
1318 1806 1534 1836 Nicomachum
1554 1808 1715 1838 Batensem

1022 1848 1163 1878 arbitrum
1179 1850 1360 1887 sumpsimus
1375 1850 1412 1878 ad
1434 1850 1516 1880 illam
1539 1850 1714 1881 confirman-

1022 1891 1101 1920 dam.
1116 1889 1179 1932 (ε’.)
1193 1891 1240 1920 Ac
1249 1892 1376 1930 primum
1387 1897 1476 1930 pacta
1486 1892 1545 1922 iste
1557 1893 1713 1931 servabat3

1021 1934 1131 1963 deinde
1145 1933 1289 1964 actionem
1301 1935 1402 1964 decem
1414 1935 1495 1964 mille
1506 1935 1714 1966 drachmarum

1022 1976 1052 2005 in
1068 1987 1114 2006 me
1129 1981 1241 2012 movet,
1257 1987 1343 2016 quam
1358 1977 1485 2007 testibus
1502 1987 1520 2006 a
1533 1988 1581 2007 me
1602 1979 1715 2017 produ—

1023 2019 1079 2048 ctis
1102 2019 1231 2058 primum
1256 2020 1377 2058 quidem
1397 2019 1510 2055 omisit,
1534 2020 1587 2049 sed
1607 2021 1714 2060 agendi

1022 2066 1172 2101 potestate
1196 2072 1213 2091 a
1235 2063 1408 2101 magistratu
1431 2062 1588 2101 impetrata
1605 2063 1714 2094 iterum

1023 2105 1168 2142 intendit3
1205 2115 1322 2143 egoque
1358 2105 1608 2135 consultissimum
1645 2116 1715 2136 esse

1022 2147 1109 2183 duxi,
1126 2147 1156 2176 in
1169 2147 1317 2186 J'udicium
1329 2148 1438 2177 venire.
1460 2146 1532 2188 (ς’.)
1548 2147 1650 2177 Audio
1663 2158 1716 2178 au-

1024 2194 1083 2220 tem
1099 2190 1312 2219 Callimachum
1327 2195 1387 2219 tum
1401 2190 1439 2219 de
1453 2189 1530 2229 ipsis
1539 2190 1715 2220 criminibus

1023 2233 1098 2262 falsa
1113 2233 1275 2267 dicturum,
1291 2239 1353 2262 tum
1368 2232 1522 2262 arbitrium
1538 2237 1714 2271 negaturum

1023 2274 1165 2310 dicendo,
1181 2285 1213 2305 se
1233 2275 1449 2304 Nicomachum
1468 2284 1617 2314 nunquam
1632 2285 1715 2305 sum-

1022 2322 1145 2357 pturum
1161 2317 1253 2347 fuisse
1278 2317 1422 2347 arbitrum
1443 2317 1516 2348 mihi
1530 2317 1714 2354 familiarem,

1023 2371 1078 2390 nec
1105 2364 1351 2395 consentaneum,
1367 2361 1514 2390 ducentas
1533 2369 1588 2398 pro
1611 2360 1714 2391 decies

1022 2403 1104 2433 mille
1127 2403 1275 2432 drachmis
1294 2403 1394 2442 ipsum
1418 2402 1556 2441 accipere
1570 2402 1714 2433 voluisse.

1022 2445 1094 2487 (ζ’.)
1119 2446 1180 2474 Vos
1199 2450 1297 2475 autem
1318 2445 1514 2475 consideretis
1529 2445 1632 2482 velim,
1651 2446 1715 2485 pri-

1021 2498 1113 2524 mum,
1120 2498 1175 2517 nos
1182 2493 1331 2518 transacta
1338 2499 1370 2518 re
1379 2489 1416 2518 ad
1425 2488 1570 2518 arbitrum
1578 2487 1696 2518 venisse
1706 2498 1714 2525 ;

1023 2531 1144 2565 deiude,
1161 2531 1186 2560 si
1201 2531 1262 2570 ipsi
1277 2531 1380 2561 decies
1395 2530 1476 2560 mille
1498 2530 1645 2560 drachmae
1659 2530 1714 2560 de-

1024 2575 1174 2609 berentur,
1187 2584 1244 2603 non
1257 2574 1418 2603 verisimile
1433 2583 1511 2608 esse,
1526 2573 1623 2612 ipsum
1639 2572 1713 2602 dua-

1024 2617 1079 2645 bus
1107 2616 1195 2645 minis
1219 2621 1390 2646 contentum
1416 2616 1517 2645 fuisse.
1560 2615 1592 2645 Si
1621 2615 1716 2645 multa

1023 2659 1188 2698 postulavit
1209 2664 1239 2688 et
1267 2669 1361 2698 pauca
1385 2658 1512 2698 accepit,
1535 2657 1607 2687 nihil
1633 2658 1713 2688 aliud

1023 2701 1169 2740 sequitur,
1190 2711 1277 2740 quam
1299 2702 1388 2731 istum
1411 2711 1465 2730 nos
1491 2702 1529 2730 ab
1550 2699 1636 2729 initio
1659 2710 1715 2740 per

1023 2743 1160 2784 injuriam
1177 2754 1347 2774 accusasse.
1384 2742 1647 2778 Postremo,illum
1664 2752 1715 2772 ae-

1024 2787 1155 2826 cepisse,
1180 2787 1260 2825 quod
1289 2790 1389 2825 negat,
1411 2785 1508 2824 palam
1539 2785 1571 2814 fit
1597 2795 1636 2815 ex
1666 2795 1714 2822 eo,

1024 2830 1102 2868 quod
1120 2830 1175 2859 hac
1189 2829 1226 2858 de
1247 2839 1279 2858 re
1294 2833 1400 2859 testem
1417 2837 1473 2857 non
1489 2837 1573 2857 reum
1590 2828 1715 2868 peregit.

1021 2871 1088 2913 (η’.)
1118 2872 1179 2903 Sed
1205 2872 1340 2902 omnibus
1362 2869 1408 2899 his
1432 2870 1542 2905 missis,
1567 2881 1603 2900 ne
1627 2880 1715 2900 vero-

1023 2914 1122 2945 simile
1138 2914 1258 2954 quidem
1281 2918 1338 2948 est,
1353 2923 1413 2948 me,
1428 2923 1518 2952 quum
1534 2922 1606 2952 erga
1617 2913 1715 2950 ,nemi-

1023 2967 1090 2987 nem
1107 2967 1143 2986 ne
1163 2956 1300 2995 Triginta
1318 2956 1437 2995 quidem
1453 2956 1646 2994 regnantibus
1662 2956 1715 2986 de·

1022 2999 1171 3038 liquerim,
1186 3009 1258 3038 erga
1272 3000 1348 3029 hunc
1360 2998 1538 3038 deliquisse,
1547 3002 1578 3029 et
1593 2998 1714 3038 quidem

1738 1144 1778 1173 H.
1787 1144 1892 1183 steph.
