1924 3314
322 220 400 260 160
877 216 1192 259 PRAEFATIO

318 330 439 368 ridem
473 329 755 379 expeditionem
788 330 1011 380 suscepisse,
1041 343 1154 380 quam
1187 328 1384 366 Diodorus
1414 342 1487 366 non
1517 340 1747 366 commemo-

318 391 468 428 raverit.

371 453 468 489 Haec
489 453 604 502 igitur
621 459 708 491 ante
733 454 1015 503 expeditionem
1040 452 1257 490 Artaxerxis
1275 458 1408 489 contra
1425 453 1637 501 Evagoram
1660 463 1745 487 eve-

317 518 466 556 nerant,
487 526 612 563 neque
632 521 793 563 possunt
813 515 1056 564 Olympiadis
1076 515 1142 552 CI.
1163 526 1264 551 anno
1285 512 1398 549 tertio
1417 512 1612 561 assignari.

368 572 454 610 Jam
476 586 563 610 vero
590 574 637 610 de
659 576 838 623 Amynta,
860 575 1066 624 Olynthiis,
1087 574 1260 611 Phliasiis
1284 580 1322 611 et
1343 581 1556 622 expugnata
1578 572 1748 610 Cadmea

318 632 525 672 videamus.
570 635 725 685 Olymp.
744 636 930 673 XCVIII.
947 649 1045 673 anno
1059 643 1195 686 quarto
1210 635 1491 672 Lacedaemonii
1511 635 1747 672 Mantineam

317 695 614 744 oppugnabant3
647 698 749 733 cives
771 709 840 746 per
860 704 1030 734 aestatem
1052 697 1201 734 fortiter
1220 695 1453 739 restiterunt,
1467 695 1532 731 sed
1547 695 1617 731 sub
1633 695 1748 732 finem

317 755 406 792 anni
437 769 477 793 se
505 755 734 794 dediderunt
763 757 1076 802 Lacedaemoniis,
1104 758 1168 808 qui
1198 770 1263 794 eos
1289 757 1327 793 in
1355 756 1457 792 vicos
1488 755 1614 792 denuo
1643 756 1748 792 abire

315 817 509 867 jusserunt
543 818 761 869 (διῴκισαν).
819 819 974 869 Olymp.
1010 819 1158 856 XCIX.
1190 832 1224 856 a.
1258 818 1311 855 II.
1347 816 1627 854 Lacedaemonii
1660 830 1747 853 cum

317 879 500 928 Amynta,
532 879 729 929 Olynthiis
761 885 798 916 et
830 879 1006 916 Phliasiis
1039 879 1177 915 bellum
1213 878 1353 916 inferre
1387 885 1607 928 coeperunt;
1643 878 1748 928 quod

316 940 421 978 varia
447 940 600 977 fortuna
627 954 712 978 cum
741 942 904 991 Amynta
932 940 1205 978 continuarunt
1231 953 1351 990 usque
1378 939 1425 976 ad
1454 938 1569 976 finem
1595 939 1683 976 anni
1715 939 1747 976 Ι.

317 1000 560 1051 Olympiadis
581 1003 625 1039 C.
645 1015 720 1052 quo
741 1001 915 1051 Olynthii
933 1015 974 1038 se
997 1002 1296 1039 Lacedaemoniis
1317 1001 1569 1039 submiserunt
1585 1001 1748 1038 Diodor.

319 1061 398 1099 Sic.
425 1062 449 1099 l.
472 1062 615 1100 XVsc.
642 1066 694 1101 19
712 1085 764 1089 —
782 1066 845 1099 23.
877 1075 935 1099 res
958 1063 1208 1100 Phliasiorum
1235 1076 1309 1100 non
1339 1063 1397 1100 uti
1423 1076 1443 1100 e
1466 1063 1640 1099 Diodoro
1660 1063 1748 1100 XV.

317 1127 383 1161 19.
404 1122 522 1160 videri
554 1124 675 1172 possit
701 1124 860 1174 Olymp.
891 1123 1039 1161 XCIX.
1061 1137 1094 1160 a.
1117 1124 1169 1160 ΙΙ.
1195 1124 1260 1160 sed
1288 1130 1374 1172 post
1398 1123 1661 1173 Agesipolidis
1687 1124 1751 1160 ad-

318 1196 446 1220 versus
467 1184 672 1234 Olynthios
695 1184 992 1234 expeditionem,
1014 1184 1052 1221 h.
1074 1198 1108 1221 e.
1125 1184 1348 1235 postflnem
1367 1186 1461 1222 anni
1485 1184 1557 1221 IV.
1577 1185 1748 1233 ejusdem

319 1244 472 1294 Olymp.
491 1245 721 1294 compositas
744 1259 825 1282 esse
842 1244 925 1293 jam
948 1245 1216 1294 Wesselingius
1235 1246 1344 1282 Tom.
1365 1245 1417 1282 ΙΙ,
1440 1258 1478 1295 p.
1503 1250 1563 1285 17.
1585 1245 1632 1282 ad
1657 1246 1749 1282 Dio-

318 1305 451 1342 dorum
472 1312 512 1343 et
534 1305 767 1351 Dodwellus,
787 1306 856 1343 cfr.
878 1307 1100 1355 Conjectur.
1124 1307 1240 1351 Mori,
1258 1306 1485 1344 docuerunt.
1543 1307 1748 1344 Cadmeam

319 1379 407 1403 vero
430 1366 703 1404 Thebanorum
729 1368 856 1404 areem
877 1367 975 1405 duce
998 1368 1185 1406 Phoebida
1205 1368 1491 1405 Lacedaemonii
1510 1376 1750 1418 occuparunt

318 1441 352 1465 a.
374 1428 447 1465 111.
469 1428 626 1478 Olymp.
656 1428 804 1466 XCIX.
835 1429 998 1466 Diodor.
1022 1429 1101 1466 Sic.
1124 1429 1212 1466 XV.
1233 1433 1296 1466 20.
1353 1429 1451 1466 Haec
1479 1442 1594 1479 quum
1624 1443 1657 1467 c.
1685 1435 1748 1469 35.

318 1497 672 1536 commemorentur,
694 1504 816 1542 neque
841 1494 1043 1528 concinere
1064 1491 1265 1528 videantur
1290 1503 1376 1528 cum
1404 1491 1490 1527 loco
1510 1503 1544 1528 c.
1565 1494 1628 1529 39.
1649 1492 1750 1529 varia

317 1551 479 1596 ratione,
500 1565 612 1602 quam
635 1559 806 1602 repetere
823 1553 926 1598 nolo,
947 1553 1155 1590 sollicitata
1177 1559 1276 1590 sunt.

372 1612 505 1649 Restat
523 1613 654 1661 igitur,
677 1619 718 1649 ut
737 1612 785 1649 de
806 1612 871 1648 illo
891 1612 990 1657 loco,
1003 1613 1068 1662 qui
1086 1612 1227 1649 bellum
1243 1613 1427 1663 Evagorae
1444 1614 1576 1663 tangit,
1592 1620 1630 1651 et
1646 1615 1750 1651 omni

319 1674 393 1711 hoc
413 1674 511 1711 bello
533 1674 715 1711 nonnulla
737 1685 923 1710 moneam.
981 1673 1137 1711 Initium
1159 1674 1416 1723 expeditionis
1437 1675 1602 1713 Persicae
1623 1675 1753 1714 adver-

318 1748 381 1772 sus
405 1736 613 1784 Evagoram
643 1734 887 1772 constituunt
911 1747 1012 1772 anno
1038 1735 1208 1772 secundo
1228 1736 1470 1786 Olympiadis
1492 1737 1657 1775 XCVII.
1677 1737 1750 1775 cfr.

318 1797 420 1834 Mor.
453 1797 631 1846 Conject.
660 1796 768 1844 init.;
796 1809 910 1847 quum
941 1803 1048 1834 sexto
1082 1796 1194 1846 hujus
1226 1797 1317 1834 belli
1345 1810 1443 1834 anno
1473 1797 1748 1848 Panegyricum

317 1859 461 1897 editum
482 1872 564 1896 esse
578 1864 726 1909 putent,
742 1858 907 1895 credunt
928 1858 1002 1896 hoc
1015 1870 1114 1895 anno
1128 1858 1197 1895 IV.
1220 1857 1377 1908 Olymp.
1396 1858 1584 1895 XCVIII.
1606 1858 1748 1896 factum

318 1932 415 1964 esse,
443 1926 557 1970 atque
590 1920 722 1956 eadem
754 1918 802 1955 de
835 1931 950 1957 causa
979 1918 1056 1964 illa,
1084 1918 1131 1955 de
1157 1919 1297 1969 quibus
1329 1918 1444 1956 modo
1471 1919 1622 1957 locutus
1655 1934 1751 1966 sum,

318 1981 567 2030 exagitarunt.
627 1980 731 2018 Vidit
757 1979 913 2028 quidem
939 1980 1076 2017 Morus
1106 1980 1169 2017 hic
1202 1981 1317 2017 latere
1347 1980 1611 2018 difficultatem
1633 1987 1670 2018 et
1690 1981 1753 2019 vix

318 2042 548 2080 audiendum
575 2055 657 2079 esse
685 2041 913 2085 Diodorum,
934 2041 999 2092 qui
1024 2054 1092 2090 per
1120 2041 1347 2078 decennium
1380 2041 1453 2079 hoc
1483 2041 1622 2078 bellum
1649 2041 1754 2080 dicat

319 2116 400 2141 esse
429 2110 588 2154 gestum,
616 2102 687 2140 cfr.
710 2103 888 2152 Conject.
918 2103 994 2147 in.;
1024 2102 1088 2140 sed
1123 2108 1268 2140 tantum
1299 2103 1422 2149 abest,
1451 2110 1491 2139 ut
1519 2103 1686 2148 solverit,
1711 2111 1753 2141 ut

320 2165 424 2201 novis
444 2165 623 2203 offuderit
647 2164 815 2202 tenebris
836 2164 883 2201 ad
911 2177 946 2201 c.
973 2168 1036 2202 39.
1065 2164 1129 2201 ubi
1160 2171 1268 2214 putat
1299 2177 1373 2201 non
1397 2163 1545 2201 decimo
1565 2171 1631 2201 aut
1651 2177 1753 2202 nono

320 2225 472 2262 demum
501 2239 600 2263 anno
625 2224 774 2262 finitum
795 2238 878 2262 esse
900 2225 973 2262 hoc
997 2224 1150 2269 bellum,
1175 2225 1239 2262 sed
1254 2224 1338 2273 jam
1359 2225 1536 2275 septinio.
1593 2227 1645 2262 At
1665 2239 1753 2264 vero

320 2292 362 2324 ut
387 2287 461 2323 hoc
481 2287 634 2324 missum
661 2287 812 2332 faciam,
833 2299 958 2324 veram
979 2287 1080 2323 enim
1102 2299 1176 2323 non
1197 2299 1280 2324 esse
1302 2287 1399 2324 hanc
1419 2287 1638 2335 opinionem
1668 2300 1753 2325 mox

321 2354 457 2397 sponte
478 2348 693 2398 apparebit,
714 2347 911 2385 Diodorus
938 2347 1088 2396 egregie
1118 2360 1245 2384 secum
1271 2353 1431 2397 pugnat,
1451 2360 1577 2396 neque
1597 2348 1648 2385 ita
1668 2352 1754 2398 qui-

320 2409 408 2447 dem
429 2416 553 2458 potest
573 2410 622 2447 ab
642 2423 768 2447 errore
789 2408 956 2453 defendi,
974 2416 1016 2447 ut
1036 2421 1228 2446 sumamus
1247 2421 1347 2452 eum,
1363 2421 1448 2459 quae
1470 2408 1588 2446 serius
1607 2409 1757 2447 accide-

321 2470 397 2508 rint
415 2470 608 2508 addidisse
629 2471 834 2521 prioribus,
854 2477 896 2509 ut
916 2470 1043 2508 statim
1069 2470 1239 2508 declaret
1265 2483 1466 2520 quemnam
1489 2471 1586 2507 haec‘
1603 2483 1661 2508 res
1687 2470 1754 2508 ha-

323 2533 447 2571 buerit
467 2532 591 2579 finem,
611 2534 826 2584 priusquam
843 2534 889 2571 ad
912 2534 982 2571 alia
1004 2533 1207 2579 transierit,
1221 2546 1296 2583 qua
1316 2533 1462 2570 ratione
1482 2532 1655 2570 fortassis
1668 2546 1754 2583 quae

322 2595 370 2632 de
392 2594 569 2632 Phliasiis
589 2596 717 2631 monui
740 2602 897 2644 possent
917 2594 1102 2633 excusari.
1134 2594 1272 2632 Narrat
1291 2595 1392 2631 enim
1416 2593 1612 2631 Diodorus
1628 2594 1651 2631 I.
1666 2595 1753 2631 XV.

323 2669 358 2694 c.
378 2662 415 2695 9.
435 2657 454 2692 ὁ
473 2655 540 2706 μὲν
560 2654 623 2693 οὖν
642 2656 849 2707 Κυπριακὸς
868 2658 1043 2707 πόλεμος,
1065 2656 1279 2701 δεκαετὴς
1309 2654 1476 2706 σχεδὸν
1505 2670 1613 2702 γεγε
1625 2659 1758 2705 νημὲ-

324 2732 413 2763 νος,
433 2718 492 2754 καὶ
511 2716 551 2754 τὸ
570 2719 686 2754 πλέον
704 2722 766 2754 τοῦ
786 2720 922 2767 χρόνου
942 2720 1021 2768 περὶ
1040 2719 1274 2768 παρασκευὰς
1292 2715 1537 2767 ἀσχοληθεὶς,
1558 2714 1652 2761 διετῆ
1667 2719 1754 2766 χρό-

324 2794 389 2816 νον
419 2778 483 2816 τὸν
511 2778 572 2815 ἐπὶ
598 2783 690 2815 πᾶσι
719 2785 880 2832 συνεχῶς
908 2779 1139 2829 πολεμηθεὶς,
1159 2784 1286 2816 τοῦτον
1313 2779 1376 2816 τὸν
1403 2779 1537 2828 τρόπον
1563 2776 1757 2823 κατελύθη,

325 2838 564 2890 Olympiadis
586 2839 773 2876 XCVIII.
793 2851 827 2876 a.
850 2840 917 2876 IV.
939 2840 1024 2877 libri
1046 2839 1155 2878 XIV.
1176 2846 1303 2877 autem
1324 2839 1452 2889 capite
1478 2842 1542 2876 98.
1564 2838 1670 2875 initia
1691 2839 1759 2876 hu-

319 2901 386 2950 jus
417 2900 506 2938 belli
539 2900 781 2951 Olympiadis
804 2901 968 2938 XCVII.
990 2914 1090 2939 anno
1122 2903 1294 2939 secundo
1318 2901 1509 2950 assignat:
1542 2901 1615 2938 hoc
1642 2902 1758 2939 modo

327 2964 439 3014 igitur
458 2970 544 3013 post
565 2963 711 3008 decem,
730 2963 793 3000 illo
814 2970 903 3012 post
923 2977 1001 3007 sex,
1023 2976 1140 3001 annos
1160 2963 1298 3000 bellum
1319 2961 1467 3000 finitum
1489 2975 1572 3000 esse
1592 2962 1702 3009 dicit,
1719 2970 1757 3001 et
