1914 3314
193 210 276 254 876

238 334 256 353 a
277 323 341 353 suis
357 321 459 353 servis
474 327 626 364 perpetuo
641 325 810 355 turbantur.
827 323 905 354 ibid.

238 367 401 396 Thebanos
416 368 629 397 reconciliatos
643 368 857 398 phocensibus
868 367 907 397 ti-

242 413 334 439 ment.
360 409 438 439 ibid.
467 419 484 438 a
507 411 630 440 Conone
660 410 792 449 imperio
814 410 906 440 maris

239 451 365 490 privati.
388 454 461 482 268.
491 453 668 483 Graecorum
690 453 806 483 domini
827 457 909 482 terra

240 494 389 533 marique.
399 495 475 524 ibid.
487 496 638 533 quomodo
649 505 723 535 erga
733 506 822 536 reges
835 505 908 525 suos

241 538 346 566 affecti
366 538 435 567 sint.
456 540 530 568 273.
553 539 591 568 iis
611 539 774 578 imperinm
796 538 910 577 eripuit

242 580 379 610 libertas.
404 582 477 613 279.
501 581 605 611 clades
635 582 664 611 in
691 581 909 620 Thermopylis

242 623 340 662 magis
362 623 515 659 laudatur,
537 634 627 663 quam
647 624 715 654 aliae
736 634 841 654 eorum
864 623 910 653 vi-

242 665 360 695 ctoriae.
377 668 452 696 290.
476 667 593 697 animos
615 667 842 706 insuperabiles
862 677 910 696 re-

243 709 350 738 tinent.
363 711 438 739 297.
455 710 531 739 socii
548 720 652 739 eorum
666 710 739 739 mali
756 710 827 749 quid
842 719 909 738 sna-

243 752 328 781 dent.
350 754 426 782 298.
452 752 550 791 gloria
572 763 590 781 a
609 753 776 792 majoribus
798 751 911 782 tradita

243 804 301 833 per
319 795 530 833 septingentos
549 805 652 825 annos.
665 796 752 825 salva
772 805 910 833 perman-

216 847 218 849 ·
246 837 297 866 sit.
322 837 401 867 ibid.
427 837 544 876 origine
569 839 682 874 Dores,
703 838 855 877 quomodo
880 837 910 867 in

242 880 459 920 Peloponneso
476 881 682 916 consederint,
700 886 731 909 et
744 881 911 910 Messenen

245 923 431 963 acceperint.
452 925 526 955 ‘399-
547 925 622 954 301.
651 924 781 962 patriam
812 925 912 952 Hera-

245 965 336 995 clidis
355 966 477 996 debent.
497 966 574 996 ibid.
596 971 784 1005 acceperunt
804 965 911 996 eodem

244 1008 348 1044 modo,
364 1019 423 1047 quo
438 1009 728 1039 Lacedaemonemet
739 1010 912 1038 Messenen.

247 1051 324 1080 ibid.
347 1053 512 1082 Messenen
522 1053 602 1082 ultra
614 1052 853 1091 quadringentos
862 1062 913 1081 an-

245 1104 301 1123 nos
327 1099 467 1134 tempore
492 1095 674 1124 Archidami
701 1095 913 1135 possederunt.

244 1137 322 1167 ibid.
341 1138 502 1167 Messenen
516 1137 602 1177 prius
612 1142 810 1177 occuparunt,
823 1147 912 1176 quam

244 1180 411 1210 Persarum
430 1190 520 1219 reges
540 1181 736 1215 exstiterunt,
751 1191 785 1210 ac
807 1180 913 1218 plures

246 1224 378 1252 Graeeiae
399 1223 491 1252 urbes
515 1222 648 1252 conditae
670 1228 750 1252 sunt.
772 1223 848 1251 ibid.
874 1222 913 1252 ob

244 1265 409 1295 Messenes
425 1265 649 1304 possessionem
660 1275 809 1304 nunquam
825 1269 915 1293 antea

244 1313 329 1338 mota
343 1313 390 1338 est
405 1308 616 1337 controversia
632 1307 661 1336 in
679 1308 847 1337 soederibus
864 1317 914 1336 au·

245 1356 295 1381 tea
316 1351 414 1381 factis,
438 1353 513 1382 302.
538 1351 693 1381 oraculum
717 1351 913 1380 Lacedaemo-

244 1394 306 1423 niis
317 1395 480 1424 Messenen
489 1393 914 1433 assignavitetexpngnandae

244 1436 330 1467 illius
345 1437 425 1467 viam
440 1436 630 1467 monstravit.
643 1436 721 1466 ibid.
736 1447 838 1466 rerum
851 1436 915 1465 bel·

244 1479 371 1510 licarum
388 1480 529 1518 peritiam
549 1480 663 1509 habent
682 1484 713 1509 et
727 1480 853 1508 sormam
871 1478 915 1508 ci-

245 1522 352 1553 vitatis
373 1522 429 1552 oi'av
449 1523 515 1564 χξή.
531 1525 606 1553 307.
637 1521 745 1552 Asiam
766 1526 796 1551 et
818 1523 916 1552 Euro·

246 1575 317 1604 pam
348 1566 474 1605 tropaeis
504 1565 680 1604 implerunt.
709 1567 784 1596 308.
819 1575 915 1604 equos

246 1609 343 1639 alunt.
365 1609 440 1638 ibid.
464 1608 765 1638 Lacedaemoniorum
785 1610 916 1647 majores

246 1662 306 1681 non
327 1652 523 1681 multitudine
544 1652 713 1690 copiarum,
730 1651 786 1681 sed
803 1651 916 1681 virtute

247 1695 338 1725 sedes
354 1695 384 1725 in
397 1695 614 1734 Peloponneso
629 1698 828 1733 occuparunt.
841 1695 916 1724 310.

246 1748 352 1768 eorum
374 1738 470 1768 forma
486 1737 608 1776 imperii
626 1737 737 1767 similis
759 1742 807 1767 est
827 1747 915 1767 exer-

246 1781 322 1811 citui
340 1782 418 1811 bene
435 1781 590 1811 instituto.
602 1781 677 1810 315.
693 1782 825 1819 majores
842 1790 917 1819 pau·

246 1824 292 1853 cis
313 1824 463 1854 militibus
480 1825 586 1854 urbem
601 1827 824 1862 expugnarunt.
840 1823 917 1853 ibid.

244 1866 915 1906 LacedaemoniiinOlympiisinsignes.319.

245 1911 395 1950 majorum
407 1910 537 1940 trecenti
549 1920 655 1940 omnes
666 1910 703 1939 ad
711 1910 848 1950 Thyreas
860 1909 918 1940 Ar-

246 1952 339 1991 givos
355 1957 548 1992 superarunt.
564 1954 639 1983 320.
657 1963 725 1982 cum
742 1953 916 1982 Arcadibus

245 1997 425 2035 proeliantes
442 1997 532 2035 pauci
547 1996 660 2026 multos
678 1995 827 2025 vicerunt.
840 1997 916 2026 319.

246 2039 334 2069 mille
352 2040 381 2069 in
398 2039 614 2078 Thermopylis
630 2049 696 2068 cum
714 2038 829 2078 septies
846 2049 916 2068 cen-

249 2082 329 2112 tenis
347 2083 482 2113 millibus
499 2083 661 2112 Persarum
680 2082 850 2121 congressi,
865 2092 917 2111 oc-

247 2125 308 2155 cisi
326 2131 409 2163 sunt,
425 2136 483 2155 non
500 2124 647 2164 superati.
663 2124 741 2155 ibid.
766 2134 916 2163 nunquam

247 2168 323 2199 victi
347 2169 427 2199 duce
452 2179 525 2208 rege
549 2179 566 2198 e
588 2167 702 2197 familia
727 2167 917 2198 Archidami.

247 2213 324 2242 322.
339 2211 478 2241 obscuris
493 2211 610 2250 egressi
626 2211 752 2250 oppidis
767 2211 919 2241 modestia

248 2258 279 2283 et
290 2255 453 2294 disciplina
461 2254 705 2294 Peloponnesum
720 2255 919 2293 subegerunt.

247 2299 322 2328 341.
346 2302 475 2337 accepto
490 2297 643 2327 maritimo
660 2301 691 2326 et
706 2296 844 2327 terrestri
862 2297 917 2326 im-

247 2340 335 2378 perio
357 2341 438 2371 fastu
460 2351 495 2371 ac
517 2340 660 2379 superbia
680 2341 711 2370 in
737 2340 918 2369 servitutem

247 2393 335 2422 paene
351 2383 537 2414 inciderunt.
552 2385 626 2414 342.
652 2383 805 2414 restitutis
824 2383 919 2412 Athe-

249 2426 298 2455 nis
320 2431 391 2465 post
412 2427 536 2466 triginta
557 2426 705 2465 expulsos
726 2426 919 2456 Atheniensi-

247 2469 306 2498 bus
329 2470 499 2510 supplices.
517 2471 591 2500 389.
615 2468 644 2498 in
661 2469 802 2500 creandis
824 2468 919 2508 magi-

226 2521 239 2533 *
250 2512 410 2549 stratibus,
420 2513 492 2542 vitae
505 2512 689 2552 quotidianae
699 2512 918 2542 consuetudine

249 2555 422 2594 ceterisque
439 2556 547 2585 studiis
563 2555 691 2594 aeqnitas
709 2561 739 2584 et
761 2554 919 2594 aequaHtas

247 2597 320 2638 plus
343 2598 435 2633 valet,
459 2609 546 2637 qnam
569 2597 652 2638 apud
674 2597 818 2637 reliquos.
844 2599 919 2628 38⁶2.

249 2651 267 2670 a
279 2641 434 2671 Thebanis
451 2642 486 2670 ad
505 2641 639 2671 Leuctra
652 2641 736 2671 victi.
748 2643 823 2671 417.
841 2640 920 2670 inte-

248 2683 341 2713 ritum
357 2694 442 2714 suum
465 2684 557 2713 sicuti
573 2684 774 2714 Athenienses
790 2683 919 2722 imperio

249 2727 375 2757 debent.
386 2729 461 2757 426.
476 2736 580 2756 eorum
592 2727 729 2757 civitatis
740 2731 849 2756 statum
863 2736 920 2764 per

250 2770 460 2810 septingentos
476 2780 569 2799 annos
586 2769 740 2804 intactum.
755 2769 919 2809 imperinm

249 2822 354 2842 eorum
392 2812 600 2842 labefactavit.
629 2812 706 2842 ibid.
752 2812 919 2842 crudelitas

249 2861 386 2896 tempore
400 2855 532 2894 imperii.
550 2855 625 2885 ibid.
643 2858 790 2884 adven-:ns
807 2855 919 2885 Persa·

250 2909 315 2927 rum
344 2909 447 2938 regern
474 2899 654 2929 Clearchum
684 2909 749 2927 curn
776 2898 917 2927 exercitu

249 2941 384 2970 mittunt.
412 2944 484 2972 4⁶27.
510 2941 664 2972 Thebanis
687 2941 843 2970 tidissimis
868 2951 918 2970 so-

248 2983 305 3013 ciis
326 2984 460 3014 insidiati
483 2990 563 3015 sunt.
579 2984 655 3015 ibid.
676 2984 821 3014 Chiorum
845 2994 916 3022 pro-

249 3037 335 3057 ceres
359 3027 389 3057 in
413 3027 557 3059 exsilium
587 3028 719 3064 mittunt,
750 3037 914 3066 eorumque

643 211 846 254 INDEX
878 207 1246 254 HISTORICUS

986 323 1127 354 triremes
1153 323 1318 353 abducunt.
1340 321 1416 351 ibid.
1445 320 1647 351 continentem

983 366 1220 406 depopulantur,
1235 365 1352 395 insulas
1375 364 1568 398 conturbant,
1584 364 1648 394 Ita-

984 409 1058 438 licas
1080 415 1111 439 et
1135 409 1254 438 Siculas
1280 407 1471 447 respublicas
1493 407 1649 444 abrogant,

986 452 1232 492 Peloponnesum
1261 451 1408 489 affligunt,
1435 449 1520 478 Eleis
1548 448 1652 478 finium

985 501 1103 534 partem
1132 494 1278 533 eripiunt,
1302 492 1527 522 Corinthiorum
1551 490 1652 528 regio-

987 548 1055 566 nem
1068 536 1205 576 populati
1224 541 1304 571 sunt,
1318 535 1502 565 Mantineam
1519 533 1550 562 in
1567 534 1654 562 vicos

986 580 1141 619 redigunt,
1162 579 1314 609 Phliasios
1337 582 1530 617 expugnant
1542 576 1572 605 in
1593 576 1653 605 Ar-

988 622 1128 662 givorum
1140 627 1250 652 terram
1260 622 1430 656 incurrunt,
1441 620 1561 649 cladem
1575 618 1655 648 Leu-

986 665 1110 695 ctricam
1133 665 1190 695 sibi
1212 665 1273 703 ipsi
1294 668 1491 703 pepererunt.
1506 661 1580 691 ibid.
1605 671 1655 690 ca-

985 708 1155 738 lamitatum
1170 708 1289 737 initium
1303 707 1396 736 maris
1408 706 1569 745 imperinm
1580 708 1655 733 erat.

987 753 1062 782 428.
1085 761 1146 790 qno
1165 751 1279 780 facturn
1299 755 1355 785 est,
1371 754 1451 778 utet
1472 747 1654 777 continentis

988 794 1150 833 imperium
1167 793 1350 823 amitterent.
1364 791 1439 820 ibid.
1462 790 1587 830 regibus
1603 799 1655 818 eo-

987 845 1054 866 rnm
1084 837 1182 866 minus
1213 846 1302 875 quam
1329 834 1460 875 privatis
1482 832 1656 862 hominibus

987 879 1104 918 injuste
1129 889 1220 917 agere
1241 878 1324 908 licet.
1346 879 1422 907 437.
1455 886 1510 915 pro
1535 875 1573 905 iis
1599 885 1656 904 nec

989 922 1148 962 quisquam
1175 922 1206 951 in
1233 921 1300 950 acie
1326 924 1454 950 mortem
1484 919 1656 948 detrectaro

989 965 1093 1001 debet,
1106 964 1152 993 ni.
1140 964 1287 1003 ἰᾶτιμος
1303 973 1371 992 esse
1383 963 1469 992 velit.
1481 961 1558 991 ibid.
1575 966 1657 990 terra

989 1008 1124 1046 marique
1136 1007 1253 1037 Graecis
1266 1007 1451 1045 imperantes
1465 1004 1569 1034 Asiam
1582 1014 1656 1043 quo-

990 1061 1049 1089 que
1066 1056 1185 1080 vastare
1199 1050 1429 1090 aggrediuntur.
1441 1050 1516 1079 455.
1535 1047 1624 1076 victis
1641 1056 1659 1076 a

989 1094 1114 1124 Conone
1126 1094 1162 1122 ad
1178 1093 1308 1122 Cnidum
1323 1092 1444 1121 Graecia
1458 1090 1588 1120 liberata
1599 1095 1659 1118 est.

989 1135 1064 1166 ibid.
1089 1141 1161 1175 post
1181 1136 1298 1165 cladem
1315 1134 1476 1163 cnidicam
1497 1133 1536 1162 de
1557 1132 1659 1172 patria

991 1184 1107 1209 certare
1135 1182 1295 1216 coguntur.
1325 1179 1401 1207 458.
1435 1175 1657 1214 AEgyptiorum

991 1221 1128 1250 civitatis
1147 1226 1258 1249 statum
1283 1230 1322 1249 ex
1344 1224 1430 1258 parte
1448 1218 1558 1248 imitati
1577 1222 1657 1247 sunt.

991 1265 1064 1293 487.
1093 1273 1198 1292 omnes
1220 1262 1333 1291 milites
1354 1265 1433 1290 sunt.
1454 1263 1529 1290 488.
1552 1270 1659 1290 eorum

990 1306 1117 1345 pigritia
1130 1311 1160 1335 et
1172 1305 1326 1345 cupiditas
1341 1303 1483 1333 habendi.
1498 1302 1574 1332 ibid.
1597 1302 1660 1332 rei-

992 1349 1124 1388 publicae
1141 1349 1238 1377 forma
1254 1357 1321 1377 cnm
1339 1346 1556 1385 AEgyptiorum
1576 1355 1659 1375 com-

991 1397 1105 1431 parata.
1120 1391 1196 1420 ibid.
1211 1390 1362 1429 injustitia
1373 1389 1661 1419 etinsatietas.5l5.

992 1435 1178 1474 agricultura
1191 1434 1331 1472 neglecta
1344 1442 1449 1462 omnes
1461 1432 1490 1461 in
1505 1432 1659 1472 Pelopon-

993 1488 1068 1508 neso
1092 1477 1234 1507 civitates
1256 1476 1397 1516 exceptis
1421 1474 1515 1513 Argis
1529 1475 1661 1504 *invase-

992 1526 1072 1551 runt.
1095 1520 1172 1550 ibid.
1203 1520 1240 1549 ad
1261 1519 1390 1549 classem
1413 1517 1659 1552 Atheniensium,

993 1565 1031 1594 ad
1046 1563 1185 1594 Xerxem
1208 1562 1448 1602 oppugnandum
1468 1561 1662 1596 instructam,

992 1607 1100 1636 decern
1118 1605 1257 1636 triremes
1279 1605 1449 1635 conferunt.
1466 1605 1540 1634 516.
1566 1604 1663 1633 Lace-

993 1650 1212 1679 daeinoniorum
1236 1659 1320 1678 amor
1347 1648 1405 1678 sni.
1425 1646 1502 1677 ibid.
1524 1650 1595 1685 post
1617 1645 1662 1675 vi-

993 1693 1121 1727 ctoriam
1142 1693 1180 1722 ad
1201 1691 1298 1730 AEgos
1318 1692 1441 1726 flumen,
1457 1688 1662 1720 Decemviros

993 1736 1105 1775 cuique
1129 1735 1197 1765 urbi
1216 1734 1391 1774 praeficiunt
1412 1734 1546 1764 maxime
1568 1732 1663 1762 mote-

994 1783 1070 1809 stos.
1092 1778 1167 1808 517.
1199 1778 1251 1817 qui
1277 1776 1417 1807 dominos
1441 1786 1515 1806 suos
1539 1775 1663 1805 infamia

994 1820 1295 1852 contaminant.ibid.
1312 1820 1474 1858 imperium
1486 1818 1539 1849 vix
1554 1818 1662 1848 decem

994 1875 1090 1895 annos
1114 1868 1287 1894 tenuerunt.
1310 1865 1387 1893 518.
1418 1873 1476 1893 una
1505 1862 1593 1891 clade
1623 1861 1662 1891 ad

995 1909 1128 1938 Leuctra
1141 1906 1322 1937 aThebauis
1339 1905 1577 1946 oppressi.ibid.
1594 1904 1664 1943 plu-

994 1962 1045 1982 res
1064 1952 1188 1981 Graecos
1201 1950 1316 1979 indicta
1332 1959 1424 1979 causa
1437 1949 1666 1983 interfecerunt,

993 2005 1081 2033 quam
1100 1992 1315 2028 Athenienses,
1331 2003 1369 2022 ex
1386 2002 1445 2032 quo
1462 1992 1566 2021 urbem
1580 1990 1665 2020 inco-

993 2037 1072 2074 lunt,
1081 2037 1110 2066 in
1122 2036 1271 2076 judicium
1283 2036 1489 2066 adduxerunt.
1499 2035 1573 2064 520.
1588 2038 1664 2063 tein-

994 2090 1070 2120 pore
1097 2079 1219 2118 imperii
1243 2079 1348 2118 plures
1376 2078 1519 2108 civitates
1543 2081 1664 2106 everte-

994 2128 1076 2158 runt,
1083 2121 1396 2164 quamAtheuienses.
1407 2122 1483 2152 521.
1500 2120 1666 2150 Messenen

994 2171 1136 2196 evertunt
1159 2167 1197 2195 de
1226 2164 1351 2196 Graecia
1381 2164 1499 2204 optime
1524 2163 1664 2193 meritam

984 2210 1077 2245 xbello
1094 2210 1238 2248 Trojano.
1254 2208 1331 2238 ibid.
1355 2208 1555 2238 Lacedaemon
1573 2215 1592 2235 a
1607 2205 1665 2235 La-

996 2253 1193 2282 cedaemoniis
1211 2250 1385 2292 (Doribus)
1401 2253 1563 2290 occupata.
1587 2248 1665 2278 ibid.

995 2301 1133 2334 tempore
1150 2294 1295 2324 orationis
1308 2292 1511 2332 Philippicae'
1504 2291 1666 2330 imperium

995 2339 1126 2369 Graeciae
1139 2338 1313 2368 amiserant.
1329 2339 1405 2368 750.
1424 2335 1598 2366 Messenios
1614 2344 1667 2374 pa·

996 2381 1055 2412 tria
1079 2381 1277 2419 expulerunt,
1293 2385 1324 2410 et
1347 2390 1417 2410 curn
1440 2378 1568 2416 Argivis
1589 2382 1666 2407 tem-

996 2434 1072 2464 pore
1111 2422 1330 2454 Panathenaici
1365 2423 1473 2452 eadem
1503 2421 1541 2451 de
1571 2429 1665 2450 causa

997 2467 1188 2506 belligerant.
1202 2468 1275 2497 526.
1290 2475 1428 2504 magnam
1441 2474 1546 2503 regum
1561 2473 1667 2494 curam

997 2516 1105 2550 gerunt
1132 2515 1163 2539 et
1189 2509 1378 2539 clarissimos
1404 2508 1490 2538 cives
1518 2506 1667 2536 satellites

998 2563 1105 2583 eorum
1135 2552 1337 2583 constituunt.
1364 2554 1439 2582 752.
1478 2550 1667 2579 Plataeenses

997 2597 1036 2626 de
1052 2595 1170 2626 Graecia
1186 2595 1304 2634 optime
1323 2595 1449 2624 meritos
1464 2593 1493 2623 in
1508 2593 1667 2623 Thebano·

996 2649 1063 2669 rum
1086 2639 1213 2678 gratiam
1235 2642 1423 2677 expugnant.
1439 2638 1514 2667 526.
1538 2636 1576 2665 iis
1597 2636 1666 2665 Pla·

997 2687 1126 2712 taeenscs
1143 2681 1360 2720 cognatisunt.
1378 2680 1453 2709 ibid.
1478 2678 1605 2708 Groeciae
1621 2677 1666 2708 ci-

997 2725 1106 2755 vitates
1125 2724 1185 2754 sibi
1198 2724 1314 2753 servire
1327 2728 1450 2763 cogunt
1463 2724 1538 2753 528.
1554 2731 1593 2750 ex
1605 2731 1665 2760 quo

995 2768 1024 2797 in
1050 2768 1299 2807 Peloponnesum
1327 2769 1485 2800 venerunt,
1511 2763 1585 2794 nihil
1610 2773 1667 2803 po-

995 2811 1057 2841 tius
1070 2811 1253 2845 habuerunt,
1269 2819 1357 2848 quam
1375 2814 1409 2838 nt.
1424 2807 1565 2838 omnibus
1581 2807 1666 2836 Grae-

995 2854 1040 2884 cis
1052 2854 1250 2903 imperarent.
1260 2853 1335 2882 ibid.
1354 2850 1487 2882 utmaris
1503 2850 1666 2888 imperium

995 2897 1183 2937 acciperent,
1195 2906 1301 2926 omnes
1315 2895 1399 2926 Asiae
1415 2895 1539 2923 Graecas
1555 2892 1666 2922 civita-

995 2944 1042 2970 tes
1065 2939 1171 2970 Persis
1193 2939 1315 2968 tradere
1337 2935 1467 2977 polliciti
1492 2941 1572 2965 sunt.
1589 2937 1666 2967 529-

993 2983 1076 3023 Cyro
1105 2985 1332 3022 persuaserunt,
1358 2984 1515 3010 utcontra
1541 2979 1664 3008 fratrem

993 3037 1076 3057 arma
1096 3027 1201 3061 ferret,
1224 3029 1254 3055 et
1277 3024 1458 3054 clearchum
1485 3032 1553 3053 oum
1576 3031 1664 3053 exer-
