1914 3314
571 206 1195 258 ΠΑΝΑΘΗΝΑΙΚΟΣ.

1495 204 1601 254 501

171 328 268 396 περὶ
283 327 373 380 ’τ’-ὦν
397 324 697 403 συμφερόντων
716 327 774 397 ’τῇ
793 344 843 378 τε
869 324 996 379 πόλει
1022 322 1102 376 καὶ
1127 333 1218 383 τοῖς
1241 321 1609 386 ἅλλοις“Ἐλλήᾳ-ι

169 401 573 473 συμβουλεύοντας,
602 399 682 453 καὶ
716 400 896 458 πολλίἶῖν
920 397 997 471 μὲν
1027 397 1345 469 ἐνθυμημάτων
1370 399 1610 468 ye‘pcovroer,

169 539 230 560 non
244 529 332 570 prius
347 530 521 561 excoluisse
533 531 708 570 Spartanos,
719 539 806 569 qnam
820 534 875 559 no·

171 576 263 609 stms,
277 573 321 603 ita
334 583 385 603 me
399 574 564 613 perspicue
583 577 774 603 ostensurum
795 572 876 604 arbi-

171 619 247 651 tror,
262 620 295 646 ut
305 626 397 646 nemo
412 617 618 646 contradicere
634 616 753 646 audeat.
790 614 875 657 (ξέ.)

171 659 215 688 At
236 658 263 688 'si
284 659 354 698 quis
374 659 467 695 dicat,
484 659 624 689 civitates
645 659 874 689 Atheniensium

173 705 205 730 et
221 701 515 732 Lacedaemoniorum
531 702 658 742 plurima
679 701 827 731 beneficia
845 701 875 730 in

174 744 299 774 Graecos
327 745 505 780 contulisse,
529 746 710 783 eosdemque
735 743 876 774 maximis

173 787 274 824 malis,
296 792 367 826 post
393 788 512 818 Xerxis
540 787 779 827 expeditionem,
802 787 875 816 affe-

173 829 268 864 cisse,
283 830 310 859 is
329 840 432 860 verum
446 831 557 869 cuique
571 830 659 866 dicit,
675 830 727 869 qui
742 837 791 860 res
806 830 876 859 illo-

174 881 240 902 rum
252 876 422 912 temporum
434 873 571 912 cognitas
583 873 672 903 habet
684 882 698 902 ε’
715 882 781 902 uam
789 876 876 912 post-

176 925 266 953 quam
287 920 391 944 contra
413 915 556 945 Xerxem
573 915 739 945 fortissime
761 923 876 955 pugna-

176 964 291 992 verant,
307 965 343 986 eo
358 957 485 993 insaniae
499 962 568 986 sunt
583 957 792 996 progressi,nt
804 966 875 985 cum

174 999 294 1037 eodem,
308 999 362 1038 qni
376 1003 534 1038 utramque
550 1000 656 1029 urbem
672 999 808 1028 funditus
823 999 875 1027 de—

174 1042 239 1071 l'ere
250 1041 352 1071 animo
367 1047 561 1082 conceperat,
570 1051 720 1080 quemque
732 1040 875 1071 facillime

173 1084 336 1122 fregerant,
352 1089 456 1122 pacem
466 1083 504 1112 in
520 1092 606 1113 omne
621 1093 719 1113 aevum
735 1083 875 1120 fecerint,

173 1135 327 1166 pravaque
342 1124 532 1156 aemnlatione
543 1127 675 1157 incensae
688 1137 721 1157 se
730 1126 808 1166 ipsae
818 1136 876 1156 cae-

174 1173 317 1208 torosque
330 1170 457 1199 Graecos
468 1170 598 1208 perdere
608 1179 668 1199 non
683 1170 770 1209 prius
781 1170 876 1200 desti-

173 1211 276 1247 terint,
284 1213 532 1252 quamcummuni
543 1212 697 1242 hosticam
710 1213 876 1252 potentiam

173 1254 343 1295 dedissent,
351 1259 386 1284 ut
397 1255 695 1285 Lacedaemoniorum
711 1266 769 1295 ope
781 1256 876 1286 Athe-

174 1296 293 1328 nienses
313 1302 344 1327 et
365 1297 470 1328 horum
494 1308 552 1337 ope
575 1298 647 1328 illos
670 1299 701 1328 in
727 1309 877 1329 summum

174 1340 338 1370 discrimen
353 1341 536 1380 adduceret3
558 1351 654 1381 neque
669 1351 749 1372 nunc
764 1342 878 1381 pudeat

173 1384 358 1422 eas-,opibus
368 1383 453 1413 illius
464 1393 534 1413 cum
546 1385 737 1414 contentione
750 1385 878 1423 quadam

174 1426 436 1461 adulari,seorsim
446 1427 482 1456 ad
490 1427 575 1456 illum
583 1427 702 1466 legatos
711 1427 878 1464 mittentes,

174 1469 314 1507 quamvis
325 1469 402 1498 inter
412 1474 569 1508 utramque
582 1470 736 1500 civitatem
747 1471 878 1500 societas

174 1511 254 1541 facta
268 1512 319 1548 sit,
332 1518 488 1551 sperantes
504 1512 634 1548 scilicet,
645 1513 704 1542 utri
720 1513 772 1543 ille
787 1514 879 1544 suerit

175 1554 337 1593 propitior,
349 1555 417 1594 ejus
430 1555 459 1584 in
473 1560 627 1594 potestate
641 1557 787 1586 Graeciam
804 1557 878 1587 fore.

174 1596 272 1638 (ξς-2)·
287 1597 347 1627 His
362 1598 450 1637 plane
465 1598 614 1628 contraria
629 1600 764 1629 fecerunt
777 1599 810 1635 ii,
825 1599 877 1639 qui

176 1645 307 1670 nostram
329 1641 434 1670 urbem
456 1641 527 1670 olim
552 1641 807 1673 administrarant.
850 1643 877 1673 A

175 1683 293 1712 Graeeis
309 1683 446 1718 orbibus,
463 1689 602 1723 tanquam
619 1694 636 1713 a
652 1685 787 1714 donariis
801 1689 875 1715 tem-

175 1726 297 1764 plorum
316 1726 510 1761 abstinentes,
526 1727 655 1766 primum
672 1728 875 1766 justissimum

175 1773 208 1798 et
220 1768 355 1798 mxime
367 1769 569 1799 necessarium
585 1769 697 1799 bellum
709 1771 877 1800 habuerunt

176 1810 470 1850 illtrd,quodcontra
482 1812 599 1842 belluas
613 1818 785 1851 gereretur-5
808 1823 877 1852 pro-

177 1854 306 1890 ximum,
320 1855 409 1894 quod*
423 1855 524 1885 Graeci
544 1860 648 1885 contra
671 1855 834 1892 Barbaros,
849 1861 879 1886 et

177 1903 284 1927 natura
295 1898 397 1927 hostes
413 1904 443 1928 et
456 1898 544 1928 nubis
557 1898 639 1928 omni
654 1904 789 1937 tempore
804 1899 879 1929 insi-

178 1940 306 1975 diantes,
323 1940 524 1980 susciperent.
568 1940 658 1982 (ᾖξ’.)
681 1942 813 1972 Aliarum
835 1942 880 1972 ci-

178 1982 306 2012 vitatum
333 1983 464 2012 dissidia
486 1984 690 2022 legationibus
721 1989 752 2014 et
781 1985 881 2015 disce-

179 2025 370 2065 ptationibus
388 2026 495 2055 tollere
515 2027 708 2064 studuerunt,
724 2028 880 2058 mittentes

180 2078 304 2098 summae
318 2069 413 2108 sapud
439 2079 473 2098 se
497 2070 687 2100 auctoritatis
710 2071 804 2107 viros,
828 2071 881 2109 qui

180 2120 246 2142 curn
260 2111 416 2141 civitatum
426 2112 544 2141 illarum
555 2113 659 2152 egenis
671 2123 706 2143 ac
714 2114 882 2151 ferocibus,

180 2154 290 2194 quibus
305 2159 528 2194 persuaserant,
541 2160 574 2185 ut
589 2166 622 2186 se
639 2156 667 2186 in
681 2156 818 2187 militiam
835 2166 881 2187 se-

179 2202 352 2236 querentur,
373 2198 535 2233 Barbaros,
560 2198 669 2237 partim
697 2209 737 2230 ex
761 2199 881 2237 insulis,

179 2240 288 2280 partim
305 2251 343 2270 ex
359 2246 486 2280 utraque
496 2251 560 2277 ora,
575 2242 882 2283 expulerunt,ibique

181 2282 394 2322 egentissimos
402 2284 579 2314 Graecorum
594 2285 788 2316 collocarunt.
828 2288 882 2316 At-

181 2335 242 2366 que
258 2327 315 2355 hoc
333 2326 430 2356 nostri
447 2328 578 2366 majores
599 2328 714 2358 tamdiu
732 2329 883 2365 fecerunt,

181 2369 281 2408 quoad
296 2369 436 2408 Spartani
459 2380 562 2399 omnes
581 2370 785 2410 Peloponnesi
807 2372 883 2403 civi-

182 2416 262 2442 tates
281 2412 427 2451 subigere
447 2413 636 2452 inceperunt,
654 2414 707 2444 ubi
729 2424 783 2444 sua
804 2415 883 2445 tueri

182 2455 282 2485 coacti
297 2460 377 2485 sant.
421 2454 508 2496 (ἕπτ’.)
531 2455 628 2486 Bellis
650 2462 748 2487 autem
771 2457 809 2488 de
832 2468 882 2488 co-

181 2498 273 2528 loniis
295 2498 516 2528 constituendis
534 2498 592 2528 huc
615 2499 754 2530 effectum
775 2507 834 2536 est,
850 2507 884 2531 ut

182 2541 284 2571 Graeci
296 2541 390 2571 rebus
403 2542 440 2571 ad
456 2541 549 2572 vitam
572 2543 752 2573 necessariis
771 2543 884 2574 instru-

182 2584 295 2614 ctiores
332 2584 449 2620 fierent,
480 2584 608 2614 Barbari
645 2586 883 2625 expellerentur,

182 2627 449 2666 Graecia'deuiquo
465 2628 550 2658 tieret
562 2627 657 2667 duplo
668 2630 776 2667 major.
803 2628 886 2671 (ξΘ’,)

183 2671 253 2708 Quo
278 2670 424 2700 beneficio
449 2671 506 2700 etsi
531 2670 605 2700 nihil
631 2671 730 2710 possit
754 2673 883 2712 reperiri

183 2714 293 2752 majus,
312 2718 411 2743 tamen
437 2714 522 2743 alind
545 2713 643 2744 afferri
669 2719 781 2754 potest,
804 2716 883 2745 haud

183 2755 300 2786 minore
328 2756 544 2797 praedicatione
577 2756 713 2796 dignum,
741 2758 884 2798 idemque

183 2801 252 2827 cnm
275 2798 386 2838 peritia
407 2800 450 2829 rei
475 2800 616 2829 militaris
640 2800 737 2839 magis
759 2803 885 2840 conjun-

185 2843 277 2870 otum.
318 2840 383 2882 (α’.)
406 2843 505 2881 Quum
531 2843 568 2872 ad
594 2842 715 2873 Thebas
736 2844 885 2874 Adrastus

184 2888 243 2911 non
254 2888 360 2922 posset
366 2884 504 2915 inducias
512 2886 689 2925 impetrare,
699 2896 754 2916 nec
765 2887 885 2918 occisos

185 2924 226 2954 ad
240 2926 423 2964 sepulturum
439 2929 568 2965 auferre,
583 2934 688 2959 nostra
700 2929 822 2966 civitas,
836 2931 885 2960 cui

185 2967 240 2997 ille
260 2969 391 3009 supplex
411 2970 509 3002 tactus
531 2976 608 3008 erat,
627 2972 746 3012 legatos
766 2973 886 3004 Thebas

184 3009 281 3047 misit,
309 3016 339 3042 ot
369 3013 518 3045 cadavera
548 3015 725 3054 sepelienda
754 3016 884 3058 accepit.

909 526 997 570 (οαί)
1013 528 1084 559 Scio
1098 527 1233 568 quidem,
1246 536 1296 557 me
1311 527 1343 558 in
1361 527 1495 558 oratione
1511 527 1610 559 Pane-

910 571 1015 610 gyrica
1034 572 1184 601 contraria
1203 570 1252 600 his
1274 570 1446 610 scripsisse,
1464 571 1518 601 sed
1533 574 1609 602 tem-

909 623 983 653 pora
996 615 1338 644 ita'facere-suaserunt.
1386 612 1493 644 Nihilo
1509 615 1608 645 minus

911 661 1009 687 tamen
1026 657 1071 692 id,
1093 657 1213 697 opinor,
1232 657 1370 687 omnibus
1394 656 1464 686 hinc
1484 656 1610 687 manife-

911 705 990 730 stum
1022 700 1092 736 erit,
1119 699 1400 738 quantum>civitas
1426 703 1530 729 nostra
1556 700 1609 730 illo

909 746 1045 782 tempore
1071 742 1182 773 bellica
1208 742 1388 772 fortitudine
1412 741 1593 782 praestiterit
1602 752 1612 782 3

909 785 934 815 si
951 786 1073 825 quidem
1088 786 1299 816 Thebanorum
1320 785 1476 825 principes
1496 785 1610 816 nostris

908 828 1250 868 legatisobtemperare
1269 827 1443 864 maluerint,
1457 835 1546 867 quarn
1566 829 1609 858 le-

909 872 998 909 gibus
1015 881 1036 901 a
1057 872 1115 901 deu
1129 871 1211 901 latis.
1254 869 1342 911 (οβ’.)
1365 872 1543 910 Quanquam
1558 880 1612 900 an-

909 918 970 943 tem
988 914 1083 943 multa
1104 920 1135 943 et
1152 913 1301 952 praeclara
1319 915 1465 951 majorum
1478 913 1612 943 facinora

909 956 1037 985 dicenda
1052 956 1190 989 habeam,
1210 957 1425 994 Spartanorum
1445 960 1544 985 tamen·
1566 956 1612 985 di-

909 997 1085 1027 micationes
1101 1001 1131 1027 et
1141 1002 1264 1036 'pugnas
1283 998 1397 1027 nostris
1416 998 1613 1037 praemittam,

911 1043 960 1069 ut¹
978 1040 1211 1070 Atheniensium
1248 1039 1382 1070 lacinora
1419 1040 1548 1070 clariora
1583 1045 1614 1071 et

910 1083 1043 1122 aequiora
1059 1083 1095 1112 ad
1112 1083 1199 1112 linem
1220 1082 1437 1122 disputationis
1451 1091 1613 1113 reserven-

910 1131 968 1155 tur.
1011 1125 1096 1167 (oy¹.)
1112 1126 1320 1162 Doriensium,
1344 1125 1406 1166 qui,
1438 1131 1615 1166 expugnata

911 1168 1138 1208 Peloponneso,
1151 1170 1244 1198 nrbes
1260 1169 1396 1208 ejusdem
1410 1167 1553 1199 trifariam
1566 1169 1614 1199 di-

911 1211 1055 1248 viserant,
1070 1212 1160 1242 tertia
1176 1222 1259 1251 pars,
1277 1219 1353 1251 qnos
1374 1222 1451 1242 nnuc
1468 1213 1614 1243 Lacedae-

911 1254 1031 1285 monios
1046 1254 1186 1290 dicimus,
1201 1263 1293 1294 quum
1315 1255 1516 1286 seditionibus
1531 1256 1617 1286 labo-

911 1303 1003 1333 raret,
1030 1297 1125 1337 iique,
1154 1298 1207 1337 qui
1242 1297 1352 1327 altiora
1382 1303 1470 1337 quam
1503 1299 1615 1339 vulgus

912 1340 1096 1379 cogitabant,
1108 1341 1491 1380 superiores‘evasisssent‚
1506 1342 1616 1372 adver-

912 1393 973 1413 sam
989 1384 1148 1414 factionem
1170 1393 1240 1419 non,
1256 1388 1289 1413 ut
1310 1384 1372 1420 alii,
1388 1384 1418 1413 in
1442 1384 1547 1414 eadem
1569 1396 1616 1416 se·

913 1436 980 1456 cum
997 1427 1071 1457 urbe
1089 1426 1194 1457 vivere
1213 1427 1298 1465 passi
1322 1431 1403 1464 sunt,
1417 1424 1470 1457 sed
1494 1428 1616 1467 plebem

913 1469 1062 1500 servitute
1074 1478 1251 1510 oppressam
1262 1470 1290 1500 in
1301 1470 1410 1500 vicinia
1419 1466 1617 1508 collocarunt,

912 1512 1000 1551 eique
1013 1518 1074 1542 tam
1089 1513 1194 1552 pa'rum
1208 1512 1364 1543 deterrimi
1380 1514 1444 1552 agri
1460 1513 1617 1552 impertie-

911 1560 992 1590 runt,
1005 1560 1039 1584 nt
1053 1554 1184 1585 maximo
1199 1555 1304 1585 labore
1316 1555 1431 1585 victum
1443 1557 1495 1586 vix
1512 1561 1618 1587 extru-

911 1598 1028 1628 derent.
1070 1598 1166 1639 Cujus
1187 1598 1392 1628 multitudiuis
1411 1598 1555 1629 humilem
1581 1610 1618 1631 ac

911 1641 1042 1670 infimam
1058 1647 1173 1680 partem
1193 1645 1301 1680 post'ea
1321 1641 1532 1680 angustissimo
1548 1641 1618 1674 loco

911 1684 1138 1720 concluserunt,
1154 1688 1189 1713 ut'
1202 1684 1322 1713 nomine
1338 1683 1460 1723 quidem
1474 1685 1567 1721 cives,
1582 1696 1617 1716 re

911 1737 982 1757 vera
996 1732 1094 1756 autem
1111 1726 1273 1765 municipia
1289 1731 1400 1757 essent.
1445 1728 1514 1757 Hos
1534 1728 1618 1758 insu-

911 1780 968 1808 per
985 1770 1126 1799 maximis
1143 1770 1290 1809 periculis
1311 1776 1340 1799 et
1362 1770 1516 1800 laboribus
1540 1771 1618 1810 obji-

912 1822 980 1843 cere
1002 1812 1094 1842 moris
1116 1818 1192 1847 erat,
1208 1818 1250 1848 et,
1266 1813 1348 1852 quod
1370 1812 1534 1843 maximum
1558 1818 1617 1849 est,

914 1855 1047 1894 Ephoris
1070 1855 1152 1891 licet,
1173 1855 1287 1885 indicta
1321 1866 1413 1885 causa
1439 1861 1484 1885 tot
1514 1863 1618 1886 eor'um

913 1899 1066 1933 occidere,
1089 1904 1162 1937 quot
1180 1898 1300 1928 libitum
1325 1898 1427 1928 fuerit.
1449 1898 1528 1939 (οἵ.)
1543 1900 1620 1937 Quae

913 1941 982 1970 ideo
1003 1941 1099 1970 fusius
1121 1941 1263 1980 exposui,
1280 1946 1311 1970 ut
1328 1942 1621 1972 Lacedaemoniorum

913 1995 1000 2014 acres
1021 1984 1196 2014 defensores
1222 1984 1407 2024 interrogare
1434 1986 1561 2024 possint,
1587 1995 1623 2015 an

914 2027 978 2056 baec
999 2026 1118 2066 aliaque
1135 2027 1283 2066 ejusmodi
1306 2028 1384 2057 facta
1400 2029 1541 2067 probent,
1557 2028 1622 2058 nul·

913 2071 974 2100 lius
996 2069 1041 2099 rei
1058 2070 1117 2100 nisi
1129 2070 1324 2100 ‘emolumenti
1347 2080 1439 2100 causa
1454 2072 1626 2106 commissa,

915 2121 1011 2152 neque
1027 2113 1136 2143 decora
1151 2114 1200 2148 iis,
1220 2114 1271 2152 qui
1289 2123 1388 2143 veram
1406 2114 1548 2144 virtutem
1565 2113 1624 2144 sibi

917 2156 1081 2192 vindicant,
1111 2157 1196 2185 bonis
1225 2156 1298 2186 viris
1325 2166 1359 2187 ac
1387 2156 1522 2186 honestis
1554 2168 1623 2196 cum

916 2199 1030 2238 pietate
1045 2205 1074 2229 et
1085 2199 1205 2238 justitia
1219 2200 1361 2229 innatam.
1407 2201 1475 2238 Qua
1486 2200 1624 2240 neglecta

916 2241 1037 2281 qnidam
1059 2253 1110 2272 eos
1133 2242 1266 2278 laudant,
1282 2242 1332 2281 qui
1354 2243 1485 2272 maxima
1510 2243 1625 2273 scelera

916 2289 1139 2325 perpetrarunt,
1177 2294 1235 2314 non
1268 2284 1557 2322 animadvertentes,
1591 2297 1624 2316 se

917 2333 1044 2358 mentem
1062 2338 1144 2358 snam
1167 2327 1298 2367 aperire,
1314 2329 1518 2366 praedicando,
1540 2329 1621 2366 illos,

918 2370 968 2409 qui
984 2372 1145 2401 alienarum
1156 2381 1257 2401 rerum
1271 2371 1437 2411 cupiditate
1451 2371 1539 2402 etiam
1551 2373 1624 2402 ami-

917 2413 1056 2445 cissimos
1073 2413 1130 2443 sibi
1147 2414 1288 2444 occidere
1303 2424 1362 2443 non
1379 2414 1527 2445 dubitent.
1548 2413 1626 2456 (σε’.)

918 2457 1016 2487 Miror
1031 2462 1142 2492 autem,
1159 2457 1184 2486 si
1199 2457 1251 2496 qni
1269 2462 1350 2494 sunt,
1366 2457 1417 2498 qui
1431 2463 1531 2497 partas
1546 2469 1625 2498 prae·

918 2504 964 2529 ter
974 2502 1026 2539 jus
1043 2499 1187 2530 victorias
1202 2500 1340 2530 cladibus
1359 2500 1422 2530 sine
1438 2501 1560 2540 ignavia
1575 2512 1624 2532 ac-

918 2543 1018 2582 ceptis
1040 2553 1098 2572 non
1129 2543 1282 2583 turpiores
1305 2547 1427 2583 putent,
1453 2554 1623 2585 quanquam

919 2587 1026 2620 sciant,
1056 2585 1232 2622 sceleratos,
1256 2586 1310 2626 qui
1338 2596 1436 2616 rerum
1460 2585 1624 2618 alienarum

918 2629 1026 2669 cupidi
1055 2634 1201 2669 pugnant,
1228 2629 1419 2659 multitudine
1453 2634 1483 2660 et
1510 2630 1625 2660 incuria

918 2673 1044 2702 deorum
1067 2672 1240 2712 superiores
1254 2672 1368 2712 saepius
1389 2672 1454 2703 lieri
1476 2672 1550 2702 viris
1571 2673 1624 2703 ho-

918 2715 1024 2749 nestis,
1039 2715 1102 2754 qui,
1118 2721 1152 2745 ut
1165 2715 1304 2754 Spartani
1320 2715 1366 2745 illi
1382 2716 1419 2746 ad
1434 2715 1624 2756 Thermopy-

918 2758 974 2793 las,
988 2768 1044 2797 pro
1057 2758 1159 2797 patria
1175 2758 1250 2788 mori
1266 2769 1324 2789 nnn
1340 2762 1489 2789 recusant.
1533 2758 1625 2797 Igno-

918 2807 985 2830 rant
995 2801 1125 2837 scilicet,
1136 2802 1207 2831 nihil
1223 2806 1370 2836 sanctum,
1382 2801 1454 2831 nibil
1468 2802 1624 2830 honestum

919 2853 999 2879 esse,
1012 2844 1069 2874 nisi
1081 2844 1160 2884 quod
1177 2855 1244 2874 cum
1258 2844 1381 2884 justitia
1390 2844 1508 2874 dicatur
1522 2848 1552 2872 et
1564 2843 1625 2879 liat,

920 2888 1005 2926 cnjus
1017 2887 1157 2925 Spartani
1170 2898 1320 2927 nunquam
1332 2898 1431 2917 curam
1447 2887 1626 2916 habuerunt.

918 2929 1003 2970 (og-¹.)
1020 2929 1142 2960 Nostris
1159 2941 1231 2961 vero
1251 2931 1414 2970 majoribus
1436 2928 1509 2958 nihil
1529 2928 1624 2969 magia

921 2982 1002 3003 curae
1016 2972 1085 3010 fuit,
1101 2983 1189 3014 qnam
1203 2979 1233 3003 ut
1249 2973 1327 3013 apud
1342 2975 1467 3003 Graecos
1480 2972 1557 3002 bene
1571 2981 1624 3002 au-

921 3015 1030 3052 dirent,
1048 3017 1126 3055 quod
1144 3020 1202 3046 tam
1225 3017 1254 3046 in
1270 3015 1508 3047 administranda
1532 3024 1621 3055 repu-
