1924 3314
446 214 528 256 DE
558 213 852 256 TEMPORE
883 210 1277 255 PANEGYRICI:
1501 211 1580 253 165

152 329 273 379 Cypr.
300 339 340 378 p.
360 331 451 367 114.
473 327 646 366 Perizon.
667 327 715 366 ad
736 327 870 366 AElian.
891 327 1002 365 Tom.
1022 327 1075 364 11.
1097 339 1138 377 p.
1157 329 1248 366 475.
1267 333 1357 377 sqq.
1377 325 1439 364 ed.
1457 325 1580 363 Gron.

151 392 288 435 1731„
315 401 440 439 neque
470 388 536 426 diu
563 395 652 439 post
682 388 797 427 finem
827 387 942 438 hujus
963 387 1055 425 belli
1074 387 1185 435 vixit,
1213 387 1278 432 ita,
1299 393 1340 425 ut
1365 399 1583 437 quanquam

153 454 246 494 erat,
267 448 297 486 si
315 450 401 499 quis
420 449 529 495 alius,
552 450 677 488 audax
692 456 730 487 et
748 449 795 488 ad
812 448 1029 486 molitiones
1048 449 1230 499 proclivis
1249 449 1343 486 nihil
1365 448 1582 498 perfecerit,

155 517 392 561 quapropter
421 511 533 549 etiam
560 512 752 550 Isocrates
783 511 821 548 in
852 510 936 560 ejus
961 511 1182 548 laudatione
1209 516 1299 560 post
1327 510 1400 548 hoc
1433 518 1584 561 tempus

155 573 249 611 nihil
267 581 556 612 commemorat.

210 634 309 678 Quae
329 648 446 685 quum
462 635 515 673 ita
531 635 604 673 sint
623 634 749 674 editus
762 641 820 673 est
834 634 1097 685 Panegyricus
1111 647 1146 673 a.
1165 635 1234 672 IV.
1256 634 1413 686 Olymp.
1433 635 1583 673 XCIX.

156 702 196 733 et
213 695 339 733 omnia
360 696 503 746 optime
529 697 785 734 consentiunt.
841 696 929 733 Hoc
949 708 1050 733 anno
1070 696 1196 734 dicere
1224 701 1379 746 poterat
1397 697 1586 735 Isocrates

158 770 194 794 c.
216 760 279 794 45.
310 757 586 804 Hecatomnus,
604 761 646 812 τῇ
663 757 734 804 μὲν
752 756 910 806 ἀληθείᾳ
928 758 1072 796 πολὺν
1099 756 1183 804 ἤδη
1210 759 1383 809 χρόνον
1411 759 1588 809 ἀφέστηκε

155 817 260 865 (inde
286 831 308 854 a
328 816 426 855 med.
453 817 518 855 Ol.
540 817 756 866 XCVIII.).
776 831 811 855 c.
833 822 896 855 35.
927 818 1149 855 Μαντινέων
1174 819 1286 855 πόλιν
1304 841 1357 845 -
1375 819 1587 857 ἀνάστατον

156 881 378 927 ἐποίησαν
405 881 485 928 (Ol.
514 880 700 917 XCVIII.
720 880 794 925 4.),
825 882 890 923 τὴν
911 878 946 916 δὲ
965 877 1147 925 Θηβαίων
1178 878 1373 929 Καδμείαν
1403 883 1587 917 κατέλα-

155 939 242 987 βον
269 940 349 987 (01.
372 940 518 978 XCIX.
539 944 575 977 3.
595 939 661 984 in„
682 939 730 976 de
753 938 887 976 eadem
908 951 948 975 re
974 938 1143 988 intelligo
1163 938 1280 975 verba
1300 952 1336 976 c.
1363 942 1426 977 33.
1455 943 1591 978 πελτα-

160 1002 243 1039 σταὶ
264 1000 300 1038 δὲ
319 1005 387 1043 τὰς
414 1002 541 1042 πόλεις
566 998 953 1051 καταλαμβάνουσιν),
977 1001 1034 1036 καὶ
1053 1004 1132 1037 νῦν
1158 998 1374 1043 Ὀλυνθίοις
1401 1003 1461 1038 καὶ
1477 1001 1590 1039 Φλια-

161 1063 254 1105 σίοις
272 1065 483 1113 πολεμοῦσι.
504 1061 581 1099 vid.
602 1073 686 1111 sup.
707 1074 745 1111 p.
767 1065 856 1098 160.

215 1123 375 1161 Etiamsi
396 1124 586 1160 Isocrates
606 1123 736 1160 decem
758 1128 824 1160 aut
843 1122 940 1160 adeo
965 1122 1094 1172 plures
1119 1136 1238 1161 annos
1257 1123 1502 1173 insumpserit
1521 1125 1592 1164 Pa-

162 1184 342 1236 negyrico
361 1183 592 1222 elaborando
608 1200 617 1229 3
645 1189 770 1221 tamen
787 1197 833 1221 eo
850 1197 972 1234 usque
990 1184 1192 1222 dementiae
1208 1184 1338 1223 delabi
1355 1198 1431 1223 non
1451 1187 1593 1239 potuit,

163 1251 207 1282 ut
223 1257 310 1295 quae
341 1244 377 1282 in
398 1243 472 1282 fine
498 1244 612 1294 hujus
642 1244 818 1283 decennii
850 1245 994 1295 pariter
1020 1252 1137 1295 atque
1166 1259 1254 1296 quae
1283 1245 1320 1284 in
1348 1247 1456 1285 initio
1489 1256 1595 1299 gesta

146 1304 304 1352 essent,
341 1313 522 1357 tanquam
557 1307 764 1357 praesentia
797 1306 1060 1357 conjungeret.
1117 1307 1194 1345 Fac
1226 1321 1296 1358 per
1326 1308 1454 1359 plures
1476 1322 1593 1348 annos

163 1382 249 1406 eum
274 1381 446 1419 magnam
464 1369 578 1419 hujus
606 1369 788 1406 orationis
814 1376 976 1419 partem,
1004 1369 1178 1407 fortassis
1209 1383 1244 1407 a.
1273 1384 1308 1409 c.
1334 1375 1478 1409 4—30.
1506 1371 1593 1423 (cfr.

164 1430 283 1480 Lang.
304 1443 400 1468 vers.
421 1443 573 1468 vernae.
594 1431 704 1481 praef.
725 1444 763 1482 p.
785 1434 879 1478 10.)‚
900 1430 1151 1481 perpolivisse
1169 1445 1178 1475 ;
1211 1438 1338 1469 tamen
1358 1445 1445 1469 cum
1468 1433 1513 1471 C.
1533 1435 1591 1471 M.

165 1491 370 1529 Wielando
390 1491 415 1529 l.
435 1491 461 1529 l.
493 1491 589 1529 sumi
623 1492 728 1530 nullo
757 1492 872 1530 modo
901 1498 1043 1543 potest,
1075 1505 1160 1530 eum
1190 1494 1362 1542 quamvis
1390 1494 1533 1533 interea
1554 1509 1593 1534 se

166 1552 398 1602 subjecisset
416 1553 619 1603 Evagoras,
640 1567 716 1591 non
745 1560 887 1591 mutata
920 1554 1119 1604 reliquisse
1154 1554 1293 1594 verba:
1323 1557 1421 1593 ἀλλ’
1448 1556 1528 1603 ἤδη
1556 1559 1597 1605 ἓξ

164 1613 239 1661 ἔτη
268 1614 504 1667 διατέτριφεν·
543 1617 578 1652 εἰ
607 1615 649 1652 δὲ
679 1614 744 1652 δεῖ
781 1618 833 1652 ra*
870 1617 1101 1665 μέλλοντα
1140 1621 1235 1659 τοῖς
1264 1620 1595 1669 γεγενημένοις

165 1675 504 1726 τεκμαίρεσθαι,
546 1675 657 1714 πολὺ
685 1679 848 1715 πλεῖον
884 1677 1014 1720 ἐλπίς
1047 1677 1186 1722 ἐστιν,
1221 1677 1372 1728 ἕτερον
1405 1680 1596 1726 ἀποστῆ-

166 1753 254 1783 ναι,
274 1739 380 1788 πρὶν
406 1738 583 1776 ἐκεῖνον
611 1738 1044 1789 ἐκπολιορκηθῆναι.
1102 1738 1286 1783 Quamvis
1307 1739 1461 1778 enimin
1481 1742 1596 1780 rebus

165 1795 448 1848 antiquioribus
465 1805 596 1837 orator
611 1812 686 1837 non
706 1800 913 1838 adstrictus
933 1800 982 1837 sit
996 1800 1043 1837 ad
1060 1799 1176 1838 fidem
1197 1799 1414 1839 historicam
1429 1815 1439 1840 :
1470 1808 1596 1841 tamen

165 1866 242 1897 tam
262 1860 358 1898 miro
386 1860 502 1898 modo
530 1861 579 1898 de
609 1861 722 1898 rebus
742 1861 874 1911 paucis
899 1862 1008 1898 annis
1040 1867 1152 1898 antea
1171 1863 1301 1910 gestiS,
1322 1875 1435 1912 quam
1467 1864 1598 1903 ederet

164 1921 264 1960 hanc
289 1922 507 1960 suasionem
536 1923 638 1971 (Cic.
666 1923 737 1961 Or.
759 1936 793 1961 c.
814 1923 898 1971 ΙΙ.),
918 1936 995 1960 non
1019 1922 1144 1973 potuit
1165 1922 1406 1969 hallucinari,
1428 1931 1469 1963 ut
1488 1938 1599 1976 argu-

166 1983 304 2021 mentis
324 1975 364 2021 in
383 1983 572 2021 hortando
593 1990 631 2022 et
652 1984 850 2022 suadendo
871 1990 1052 2031 uteretur,
1073 1983 1257 2033 quoejam
1277 1984 1423 2023 dudum
1455 1999 1596 2024 evanu-

166 2044 286 2083 issent
303 2052 420 2095 atque
442 2046 489 2084 ad
511 2045 672 2083 nihilum
696 2046 849 2084 redacta
869 2052 908 2084 et
923 2046 1028 2084 irrita
1047 2051 1187 2085 essent.

220 2107 412 2158 Denique,
434 2108 463 2146 si
478 2108 673 2158 duplicem
689 2109 782 2147 fecit
801 2109 1061 2147 recensionem
1081 2109 1286 2153 Isocrates,
1307 2109 1458 2147 nonnisi
1480 2111 1598 2149 verba

166 2169 336 2216 mutavit,
356 2175 395 2207 et
424 2169 462 2206 in
485 2169 674 2207 tornanda
694 2176 732 2208 et
751 2170 940 2209 elimanda
959 2170 1132 2208 oratione
1154 2175 1323 2207 versatus
1344 2176 1414 2207 est.
1473 2171 1534 2210 De
1555 2186 1599 2210 ea

166 2230 321 2281 AEgypti
342 2229 572 2277 defectione,
593 2244 707 2282 quam
737 2232 885 2270 tertiam
906 2231 1085 2270 dixerunt
1106 2230 1240 2268 Morus
1261 2237 1300 2267 et
1318 2230 1472 2269 Rostius
1491 2233 1599 2283 cogi-

165 2292 237 2330 tari
257 2304 332 2330 non
353 2305 467 2342 posse
487 2293 628 2337 docui;
660 2293 726 2331 sed
755 2293 904 2331 etiamsi
934 2293 1053 2331 altera
1081 2292 1252 2330 recensio
1272 2299 1362 2342 post
1380 2306 1462 2330 eam
1493 2294 1599 2333 facta

165 2359 277 2398 esset,
299 2348 487 2392 isocrates
507 2367 590 2392 eam
617 2359 705 2405 post
730 2356 915 2406 Evagorae
936 2354 1077 2393 bellum
1099 2361 1445 2400 commemorasset,
1473 2369 1599 2407 neque

165 2427 254 2453 vero
273 2419 374 2461 ante,
394 2415 499 2465 quod
520 2429 595 2454 non
616 2417 736 2454 solum
758 2418 845 2463 hoc,
865 2430 995 2455 verum
1017 2416 1130 2453 etiam
1152 2415 1226 2452 alio
1244 2416 1331 2453 loco
1351 2430 1386 2454 c.
1406 2420 1472 2455 43.
1493 2418 1598 2465 fecit,

167 2476 233 2527 qui
251 2477 304 2515 ita
321 2476 545 2522 adversatur
565 2477 654 2516 huic
680 2479 892 2525 sententiae,
913 2485 955 2516 ut
978 2477 1072 2515 nihil
1091 2477 1252 2522 clarius;
1284 2485 1464 2517 caeterum
1496 2481 1598 2519 idem

165 2538 267 2576 valet
288 2538 367 2588 hic,
386 2539 492 2589 quod
510 2539 625 2577 modo
645 2548 781 2579 contra
800 2540 1040 2578 Wielandum
1066 2539 1251 2578 monitum
1271 2547 1343 2578 est.
1471 2533 1474 2537 ⁴

215 2599 305 2638 Non
323 2600 440 2638 modo
455 2607 613 2648 restant,
633 2615 720 2652 quae
732 2602 815 2652 jam
835 2602 995 2640 aderant
1010 2600 1270 2647 difficultates,
1291 2615 1416 2652 neque
1436 2613 1599 2654 possunt

164 2660 226 2700 his
247 2661 461 2702 rationibus
485 2663 640 2708 moveri,
661 2663 716 2702 uti
745 2665 879 2702 Morus
899 2663 980 2713 jam
1010 2663 1149 2708 sensit;
1179 2663 1247 2702 sed
1267 2677 1376 2702 novae
1395 2665 1510 2704 etiam
1531 2681 1597 2706 ex-

164 2723 345 2762 citantur.
388 2745 391 2747 *
409 2723 524 2761 Plane
562 2724 667 2762 irrita
703 2724 837 2764 fuisset
867 2732 949 2763 tota
987 2725 1121 2770 oratio,
1159 2725 1366 2776 Evagoras‚
1403 2728 1595 2779 Olynthii,

162 2782 410 2833 Phliasiijam
427 2784 571 2823 dudum
592 2785 758 2835 subacti,
779 2787 930 2838 Cyprus
952 2786 1078 2825 Persis
1098 2785 1299 2836 subjecta‚.
1314 2787 1595 2828 Lacedaemonii

162 2843 304 2883 Thebis
317 2844 630 2897 pulsi‚Evagoras
646 2847 1201 2898 interemptus‚Lacedaemonii
1212 2848 1415 2887 adversum
1431 2851 1594 2889 Martem

162 2905 299 2959 saepius
319 2908 465 2960 experti
485 2907 659 2956 fuissent,
679 2915 722 2948 ut
741 2910 860 2949 multa
879 2909 968 2958 alia,
987 2909 1125 2961 partim
1141 2910 1359 2960 gravissima
1379 2918 1541 2949 taceam.

215 2967 352 3006 Editus
371 2969 483 3019 igitur
502 2978 561 3008 est
582 2978 622 3009 et
645 2971 682 3010 in
702 2972 836 3022 vulgus
864 2971 1031 3011 innotuit
1049 2971 1310 3022 Panegyricus
1329 2984 1430 3009 anno
1457 2979 1595 3022 quarto

165 3027 402 3079 Olympiadis
422 3030 572 3070 XCIX.
1346 3032 1540 3072 SPOHN.
