1924 3314
253 203 308 244 42
784 172 840 241 H.
875 197 1176 240 STEPHANI

254 316 453 366 ecce,jam
476 316 622 354 liaerere
638 314 871 360 desinemus,
885 327 1004 364 quum
1021 316 1163 365 κυρίους
1183 313 1352 363 genitivo
1369 312 1423 351 illi
1444 311 1709 362 adjiciendum

254 379 395 417 existo
423 377 716 428 Lexicographo
741 376 1003 414 didicerimus.
1064 373 1124 412 Ne
1150 375 1224 412 hoc
1249 374 1409 424 quidem
1436 373 1710 419 omittendum,

254 441 357 491 apud
392 439 550 477 Suidarn
581 440 655 489 legi
681 438 870 489 ὃεκάρχαι,
893 450 969 474 non
997 435 1243 488 ἓεκαὲἇρχαιί
1274 442 1312 473 et
1341 437 1542 484 ἀναλόγως
1567 434 1712 472 ibidem

255 502 439 552 scriptum
467 514 549 539 esse
581 501 793 552 δεκαρχίας,
814 512 889 536 non
920 498 1178 549 δεκαδαρχίας.
1213 497 1350 546 (Simul
1379 504 1506 534 autem
1537 497 1710 535 animad-

253 563 490 607 vertendum,
513 562 697 611 scriptum
719 574 801 598 esse
826 560 929 610 apud
950 573 1035 597 eum
1063 558 1365 601 κατασταθείσας
1384 559 1424 595 ἐν
1446 564 1527 602 ταῖς
1549 559 1715 606 πόλεσι.)

256 625 376 673 Atqui
397 623 637 673 ἒεκαὲἆρχαι,
656 622 770 659 iidem
788 630 826 659 et
842 621 1059 673 ἒεκάέαρχοι
1076 621 1270 658 dicuntur.
1304 621 1413 658 Adeo
1433 627 1474 657 ut
1489 628 1714 671 suspectum

255 684 423 733 cuipiam
445 696 526 720 esse
557 682 679 732 possit
705 682 798 718 iliud
831 681 1066 731 ἒεκαέοῦχος,
1091 681 1195 730 quod
1226 682 1263 718 in
1286 681 1536 731 praecedente
1559 682 1713 732 Harpo-

255 744 437 782 erationis
455 743 724 781 observatione
739 743 895 792 legitur:
918 742 1066 779 etiamsi
1082 741 1186 792 apud
1203 742 1360 779 Suidam
1375 742 1511 779 eadem
1525 743 1716 792 scriptura

255 811 394 843 exstet.
438 804 770 855 Respondendum
792 803 908 841 suerit
927 802 1087 852 alioqui,
1108 802 1256 840 dictum
1280 816 1362 840 esse
1382 803 1617 854 ἕεκαέοῦχος,
1633 809 1716 841 tan-

256 880 371 917 quam
399 865 531 903 ἓεκάέα
551 865 664 916 ἔχων,
685 878 729 902 ea
758 865 880 903 forma
903 877 979 915 qua
999 864 1072 902 alia
1099 863 1280 914 quaedam
1301 878 1347 903 ex
1368 865 1489 903 verbo
1508 864 1584 915 ἔχω
1606 878 1713 903 com-

256 928 395 978 posita.

307 987 685 1034 AHMOKOINOE,
706 991 724 1026 ὁ
746 989 918 1039 ἕημόσιος
937 987 1189 1036 βασανιστής.
1218 988 1433 1039 Ἰσοκράτης
1450 989 1490 1026 ἐν
1506 991 1554 1039 τῷ
1569 987 1716 1039 Τραπε-

254 1052 373 1103 ζιτικῷ
394 1051 527 1102 σχεδὸν
546 1051 750 1098 ἐξηγήσατο
771 1050 945 1101 τοῦνομα.
976 1050 1287 1087 HARPOCRAT.

309 1112 688 1157 ΔΗΜΟΚΟΙΝΟΣ,
716 1112 898 1163 publicus
932 1115 1071 1148 tortor.
1124 1110 1315 1149 Isocrates
1347 1112 1390 1148 in
1423 1112 1598 1149 oratione
1629 1124 1717 1162 quae

259 1175 500 1226 Trapezitica
520 1179 692 1220 vocatur,
710 1173 988 1224 propemodum
1004 1173 1186 1223 exposuit
1205 1173 1276 1211 lzoc
1294 1172 1529 1211 vocabulum.
1587 1174 1716 1211 Locus

255 1236 293 1274 in
318 1250 398 1287 quo
427 1237 638 1274 Isocratem
666 1236 947 1286 propemodum
968 1235 1194 1285 exposuisse
1217 1235 1291 1273 hoc
1310 1235 1541 1272 vocabulum
1562 1234 1714 1280 scribit,

256 1306 314 1337 est
336 1299 395 1336 ilic
416 1303 447 1346 {-
469 1297 517 1336 θ’.
538 1300 596 1335 καὶ
616 1298 688 1346 ἐγὼ
710 1298 778 1349 μὲν
799 1301 920 1343 ἠξίουν
948 1297 1083 1339 αὐτοὺς
1105 1301 1318 1348 μαστιγοῦν
1343 1297 1407 1334 τὸν
1433 1295 1631 1334 ἐκῖοὲέντα
1657 1298 1717 1334 καὶ

257 1359 476 1411 στρεβλοῦν,
491 1360 557 1403 ἕως
573 1362 621 1398 ἲιν
641 1363 781 1406 τάληθῆ
801 1359 932 1405 δόξειεν
949 1360 1072 1402 αὐτοῖς
1087 1361 1229 1407 λέγειν·
1252 1357 1359 1402 οὗτος
1379 1358 1406 1396 δ’
1419 1361 1459 1396 οὒ
1480 1358 1718 1410 δημοκοίνους

258 1421 419 1474 ἔφασκεν
437 1422 588 1460 ἑλέσθαι
609 1421 755 1467 αὐτοὺς,
770 1423 856 1458 ἀλλ’
872 1423 1016 1458 ἐκέλευε
1035 1422 1138 1472 λόγῳ
1159 1420 1416 1459 πυνθάνεσθαι
1432 1423 1534 1470 παρά
1554 1425 1616 1458 τοῦ
1631 1437 1718 1458 παι-

260 1483 322 1528 δὸς
344 1485 375 1522 εἴ
391 1502 425 1522 τι
443 1483 631 1532 βούλοιτο.
680 1484 775 1522 Ideo
799 1491 925 1521 autem
948 1490 1044 1533 puto
1069 1483 1146 1521 dici
1167 1484 1217 1521 ab
1239 1483 1305 1520 illo
1329 1496 1414 1520 eum
1431 1482 1717 1533 propemodum

258 1546 480 1597 exposuisse
499 1546 598 1583 hauc
620 1559 768 1591 vocem,
792 1545 897 1596 quod
915 1545 1128 1595 praecedat,
1148 1550 1357 1596 μαστιγοῦν
1378 1545 1440 1583 τὸν
1455 1544 1647 1582 ἐκδοθέντα
1659 1547 1718 1582 καὶ

262 1608 483 1659 στρεβλοῦν.
505 1608 665 1659 perinde
693 1609 874 1647 videlicet
899 1621 943 1646 ac
971 1608 1001 1645 si
1028 1607 1240 1659 δημόκοινος
1264 1614 1363 1645 esset
1389 1609 1407 1645 ὁ
1434 1613 1636 1657 μαστιγῶν
1659 1610 1720 1645 καὶ

260 1670 468 1723 στρεβλῶν.

311 1731 568 1777 ΔΙΑΘΕΣΙΣ,
604 1733 687 1769 ἀντὶ
723 1739 786 1769 τοῦ
830 1736 981 1779 πρᾶσις,
1025 1730 1238 1783 Ἰσοκράτης
1271 1730 1470 1781 Βουσίριδι.
1529 1731 1720 1768 ΗΑΒΡΟ-

259 1804 395 1832 CRAT.

309 1855 653 1906 ΔΙΑΘΕΣΙΣ,Ρνο
672 1854 902 1900 venditione,
918 1855 1028 1906 apud
1041 1853 1249 1893 Isocratem·
1271 1853 1474 1893 Busiride.
1532 1854 1719 1898 Quamvis

257 1924 387 1956 autem
411 1930 516 1955 rarus
541 1918 590 1955 sit
612 1917 672 1954 hie
694 1917 800 1954 verbi
823 1916 1061 1955 ἒιατίὲεσὲαι
1081 1929 1185 1961 usus,
1208 1929 1284 1954 non
1311 1923 1437 1954 tamen
1461 1916 1624 1954 Isocrati
1651 1929 1721 1967 pe-

257 1979 439 2017 culiaris:
471 1980 572 2016 sicut
606 1990 677 2015 nec
707 1978 738 2014 is
766 1978 905 2015 activa»
937 1977 1042 2015 vocis
1074 1990 1163 2015 usus
1195 1990 1310 2028 quem
1347 1977 1466 2014 habet
1499 1977 1603 2026 apud
1631 1990 1720 2016 eum

259 2039 596 2089 adverbiojuneta
617 2040 652 2077 in
674 2039 816 2089 Pane-g.
846 2038 948 2076 Nam
970 2039 1046 2076 illic
1068 2038 1229 2089 legimus
1249 2043 1279 2085 Ε).
1300 2037 1378 2086 λβ.’
1397 2036 1478 2076 εἶτα
1499 2040 1565 2076 οὐκ
1584 2041 1721 2090 αἰσχύ-

259 2118 386 2141 νονται
406 2105 474 2145 τάς
492 2100 560 2152 μὲν
580 2100 721 2139 ἑαυτῶν
741 2102 870 2143 πόλεις
891 2102 1005 2143 οὕτως
1025 2103 1174 2151 ἀνόμως
1195 2100 1395 2145 διαθέντες,
1414 2109 1479 2146 τῆς
1496 2099 1523 2137 δ’
1543 2101 1723 2151 ἡμετέρας

260 2163 394 2206 ἀδίκως
414 2169 719 2215 κατηγοροῦντες,
741 2162 779 2200 id
801 2169 875 2207 est,
893 2175 1009 2214 quum
1025 2175 1114 2201 suas
1130 2163 1303 2200 civitates
1323 2167 1383 2200 tot
1400 2163 1565 2212 injuriis
1584 2167 1721 2201 contra

260 2224 361 2276 leges
385 2224 605 2275 affecerint.
665 2228 719 2262 At
747 2238 836 2262 vero
864 2228 894 2272 ξ.
923 2224 1000 2273 λ-γ’.
1022 2227 1084 2268 οὓς
1110 2227 1213 2276 ἡμεῖς
1239 2226 1331 2262 οὕτω
1361 2223 1534 2275 ἕιέθεμεν,
1557 2227 1646 2268 ὤςτε
1671 2227 1721 2276 μὴ

262 2289 378 2339 μόνον
406 2286 629 2325 'naboan-Sat
660 2285 854 2338 στρατείας
883 2287 935 2339 ἐφ’
963 2288 1062 2337 ἡμᾶς
1089 2288 1343 2337 ποιουμένους,
1375 2285 1413 2323 id
1442 2293 1515 2332 est,
1544 2298 1640 2338 quos
1666 2287 1724 2324 ila

265 2350 531 2395 tractavimus,
550 2349 607 2386 vel
628 2361 721 2400 quos
736 2349 775 2386 in
793 2361 875 2387 eum
891 2353 1035 2387 statum
1050 2347 1281 2399 redegimus.
1312 2347 1404 2385 Non
1425 2347 1527 2385 enim
1546 2347 1725 2386 assentiri

264 2424 424 2462 possum
444 2412 657 2461 interpreti,
675 2412 862 2449 vertenti:
892 2423 987 2462 quos
1003 2411 1059 2448 ita
1079 2410 1388 2462 compescuimus.
1428 2410 1560 2448 Libuit
1579 2416 1724 2455 autem,

265 2473 369 2511 sacta
387 2473 583 2510 mentione
605 2472 708 2510 illius
724 2485 814 2510 usus
835 2473 941 2510 vocis
961 2473 1136 2523 passivae,
1152 2479 1190 2510 et
1211 2473 1259 2509 de
1281 2472 1355 2509 hoc
1373 2471 1508 2509 activae
1530 2484 1599 2509 usu
1619 2470 1722 2509 istud

266 2540 470 2579 annotare,
491 2533 706 2583 praesertim
735 2546 851 2583 quum
875 2533 1038 2571 Isocrati
1060 2533 1180 2571 multo
1203 2535 1252 2571 sit
1275 2533 1392 2584 magis
1416 2545 1531 2582 quam
1554 2532 1639 2570 aliis
1660 2545 1724 2570 ve-

266 2595 380 2633 tustis
407 2594 662 2645 scriptoribus
685 2592 896 2632 familiaris.
955 2594 1032 2633 Sed
1054 2595 1195 2633 addam
1216 2595 1332 2632 alium
1354 2595 1509 2646 paulum
1531 2594 1724 2633 diversum

266 2669 313 2694 ex
335 2656 498 2695 Panath.
525 2659 556 2702 ξ.
578 2655 645 2693 ν-τ’.
666 2655 720 2693 ibi
746 2657 847 2694 enim
871 2657 1018 2704 (licens,
1039 2659 1099 2694 καὶ
1122 2656 1356 2700 διατιθέντας
1378 2656 1470 2694 οὕτω
1495 2656 1588 2708 πρὸς
1611 2659 1726 2706 ἡμᾶς,

268 2716 446 2766 intelligit
464 2729 472 2753 :
501 2717 569 2767 qui
589 2716 693 2754 hunc
711 2715 792 2754 illis
811 2731 904 2769 erga
927 2731 995 2756 nos
1015 2717 1202 2768 affectum
1222 2718 1385 2764 indunt,
1406 2719 1486 2756 sive
1506 2719 1575 2767 qui
1593 2731 1652 2756 eos
1671 2719 1728 2756 sic

266 2776 431 2828 affectos
451 2790 547 2830 erga
569 2791 638 2816 nos
657 2777 841 2825 reddunt,
859 2780 917 2817 vel
935 2780 1140 2819 animatos.

322 2840 877 2888 ΔῙΕΣΚΑΡΙΦΗΣΑΜΕΘΑ,
897 2844 981 2881 ἀντὶ
1004 2849 1066 2881 τοῦ
1095 2843 1329 2895 ἕιελῦσαμεν.
1349 2843 1527 2895 σκάριφον
1553 2842 1628 2894 γάρ
1651 2842 1731 2880 ἐστι

269 2906 309 2940 τὸ
333 2903 484 2955 κάρφος,
505 2907 563 2942 καὶ
583 2908 790 2957 φρύγανον.
817 2903 895 2943 ἔστι
916 2904 952 2943 fe*
975 2909 1023 2943 τά
1044 2912 1197 2957 τοιαῦτα
1223 2905 1422 2944 εὐδιάλυτα
1450 2906 1509 2943 καὶ
1528 2905 1729 2957 εὺφύσητα.

266 2963 481 3015 Ἰσοκράτης
501 2964 815 3018 Ἀρεοπαγιτικῷ.
855 2966 951 3018 Περὶ
973 2968 1114 3016 ἐγγύης
1138 2967 1174 3006 δὲ
1195 2965 1567 3019 διεσκαριφησάμεὲα.
1601 2965 1733 3017 Σκαρι-
