1914 3314
280 212 363 254 3:34
650 210 978 254 BERGMANI
1012 212 1345 257 PRAEFATIO.

278 324 418 366 buisse,
448 328 486 360 et
509 323 549 361 in
575 324 678 361 omni
705 325 794 363 vitae
820 339 960 376 genere
985 325 1193 372 licentiam,
1221 340 1465 378 quaecunque
1486 327 1597 365 vellet
1623 327 1708 377 quis

275 383 453 430 faciendi,
473 384 697 424 obtinuisse.
755 387 845 426 Vid.
866 391 1007 424 Aunot.
1028 387 1076 425 ad
1097 392 1126 434 ξ.
1141 386 1186 425 ς’.
1209 385 1266 433 ιη’.
1284 390 1347 432 κζ’.
1376 390 1473 432 Quae
1491 389 1519 425 si
1535 390 1613 440 jam
1627 394 1705 425 tum

273 445 325 481 ita
343 444 496 490 fuerint,
510 445 595 495 quis
611 446 767 485 miretur
783 455 870 486 octo
887 455 973 498 post
987 449 1094 486 annis
1110 461 1207 485 nova
1223 462 1266 485 ea
1286 450 1576 498 reprehensione
1592 450 1707 499 digna

274 505 465 542 censuisse
500 506 703 544 Oratorem
743 515 855 559 atque
891 509 929 545 in
967 509 1039 546 hac
1071 510 1241 546 oratione
1276 510 1545 559 Areopagitica
1574 510 1704 547 dedita

271 578 388 615 opera
405 566 477 603 sibi
498 566 749 617 vituperanda
770 569 999 618 sumpsisse?
1038 571 1095 607 Ne
1115 577 1241 607 autem
1263 570 1347 619 quis
1368 569 1484 614 dicat,
1503 583 1545 606 ea
1566 584 1612 607 ex
1633 571 1704 608 hac

271 626 423 663 inillam
437 634 569 677 postea
584 627 699 665 fuisse
717 630 912 673 translata,
927 630 981 667 uti
998 630 1115 668 multa
1129 630 1199 667 alia
1215 645 1259 667 ex
1283 637 1392 667 antea
1409 630 1522 667 editis
1536 631 1703 680 scriptis,

270 699 338 723 uos
361 688 515 736 quidem
536 688 573 725 id
595 688 708 726 facile
729 690 1029 728 concederemus
1045 691 1074 727 si
1090 692 1126 727 in
1146 691 1207 728 illa
1225 692 1304 741 περὶ
1319 690 1536 733 ἀντιδόσεως
1555 691 1701 740 uspiam

269 748 532 798 Areopagitici
553 749 780 787 mentionem
811 750 949 788 factam
971 751 1197 796 videremus,
1219 752 1539 802 quemadmodum
1560 751 1702 790 diserte

269 816 525 847 memorantur
539 810 808 860 Panegyricus,
827 812 966 849 Oratio
985 812 1034 849 de
1055 812 1167 858 Pace,
1184 813 1319 850 Oratio
1339 813 1386 850 ad
1409 812 1623 858 Nicoclem,
1638 812 1700 850 Li—

269 869 390 907 bellus
418 877 550 908 contra
568 871 784 921 Sophistas,
813 879 901 910 caet.
923 886 942 910 e
963 874 1101 923 quibus
1128 874 1286 922 integrae
1315 875 1436 924 ῥήσεις
1463 887 1596 923 eaeque
1624 874 1702 910 lon-

268 931 392 981 giores
411 931 490 969 sere
510 933 741 970 verbotenus
759 935 1020 984 transscriptae
1041 934 1270 972 referuntur.
1306 935 1394 972 Vid.
1412 935 1484 972 Ed.
1506 934 1639 984 Sic-ph.
1660 947 1700 984 p.

268 995 357 1029 321.
377 992 423 1030 C.
443 1015 494 1022 -—-
513 997 604 1032 332.
628 994 677 1032 D.
699 998 789 1032 330.
812 995 855 1032 Β.
870 1018 922 1023 —-
937 999 1026 1034 342.
1043 997 1086 1033 B.
1100 1000 1190 1034 342.
1212 997 1257 1034 C.
1273 1000 1427 1034 —343.
1445 996 1491 1033 C.
1523 996 1647 1033 Orell.
1660 1009 1699 1046 p.

268 1057 318 1090 53
339 1075 388 1082 -—-
405 1058 468 1093 58.
488 1061 526 1091 et
546 1057 737 1095 95—97.
769 1057 1060 1105 Areopagiticus
1079 1069 1169 1093 vero
1186 1063 1330 1094 tantum
1351 1057 1459 1094 abest
1480 1064 1519 1093 ut
1535 1069 1697 1106 usquam

267 1121 509 1160 memoretur,
537 1122 578 1152 ut
605 1122 754 1162 contra,
780 1129 866 1167 quae
892 1117 976 1165 ejus
1003 1117 1098 1154 locis
1123 1117 1352 1167 quibusdam
1379 1117 1567 1154 simillima
1593 1125 1696 1162 sunt,

265 1190 310 1214 ea
329 1178 380 1214 ita
409 1177 598 1223 dicantur,
622 1184 661 1214 ut
689 1191 764 1215 non
785 1192 830 1216 ex
848 1179 971 1228 priore
993 1191 1107 1228 opere
1130 1178 1325 1223 translata,
1349 1178 1415 1215 sed
1434 1185 1513 1215 tum
1534 1177 1697 1227 primum

265 1251 287 1275 a
305 1240 488 1289 scriptore
505 1240 608 1277 dicta
626 1240 840 1277 videantur.
898 1241 1012 1284 Quod
1035 1242 1065 1278 si
1081 1246 1205 1278 autem
1220 1241 1300 1290 jain
1323 1247 1413 1278 tunc
1435 1240 1600 1290 scriptus
1616 1247 1699 1278 erat

266 1300 574 1350 Areopagiticus,
601 1300 691 1351 quid
720 1301 872 1338 tandem
904 1314 1030 1339 causae
1058 1315 1141 1338 esse
1171 1308 1324 1352 poterat
1350 1315 1419 1338 cur
1451 1301 1548 1338 hanc
1577 1306 1696 1338 tantae

263 1362 496 1411 praestantiae
515 1362 740 1407 orationem,
762 1375 849 1412 quae
868 1362 987 1400 civilis
1002 1363 1216 1412 prudentiae
1230 1362 1385 1400 laudem
1405 1362 1503 1399 adeo
1522 1362 1594 1399 sibi
1613 1361 1694 1399 vin-

264 1423 425 1470 dicaret,
451 1436 499 1460 ne
526 1424 641 1460 semel
667 1423 821 1473 quidem
849 1423 1068 1460 nominatim
1095 1429 1320 1460 memoraret
1340 1423 1544 1467 Isocrates,
1570 1435 1694 1473 neque

264 1497 349 1534 quae
375 1483 412 1521 in
439 1497 483 1522 ea
508 1485 783 1534 sapientissime
814 1497 943 1521 coram
965 1483 1157 1533 Areopagi
1186 1483 1388 1521 Judicibus
1419 1483 1692 1533 disputaverat,

259 1546 396 1583 itidem
412 1552 477 1583 aut
496 1546 597 1583 nulla
611 1552 676 1583 aut
696 1546 767 1582 levi
788 1545 996 1582 mutatione
1015 1558 1061 1582 ex
1081 1558 1125 1582 ea
1146 1544 1334 1582 referret?
1390 1544 1496 1581 Nihil
1515 1544 1693 1594 profecto

260 1609 380 1656 magis
395 1608 444 1644 ab
459 1607 639 1645 Isocratis
654 1607 805 1656 iugenio
818 1614 856 1644 et
871 1606 1033 1644 consilio
1049 1607 1163 1651 illius,
1181 1619 1255 1656 qua
1272 1620 1311 1643 se
1327 1607 1376 1644 ab
1388 1606 1692 1645 adversariorum

260 1668 460 1705 calumniis
474 1668 634 1705 liberare
649 1667 843 1713 studebat,
857 1668 1039 1705 orationis
1056 1668 1262 1705 abhorrere
1278 1667 1443 1714 videtur,
1459 1681 1575 1718 quam
1590 1668 1690 1706 istud

257 1729 306 1767 de
323 1743 392 1766 suo
407 1742 523 1780 opere
545 1730 748 1767 silentium.
805 1730 949 1767 Contra
971 1729 1001 1766 si
1017 1729 1166 1779 aliquot
1187 1729 1293 1766 annis
1313 1736 1401 1779 post
1416 1730 1516 1766 illam
1539 1743 1694 1780 compo-

255 1791 348 1828 situs
369 1797 568 1828 censeatur
587 1790 894 1840 Areopagiticus,
917 1791 1016 1827 haud
1047 1798 1279 1840 postremum
1312 1790 1436 1828 locum
1463 1791 1525 1828 illa
1546 1791 1691 1828 tenebit

253 1852 354 1889 inter
372 1854 570 1893 πλείστους
597 1852 683 1888 illos
710 1852 850 1899 λόγους
876 1864 963 1888 suos
980 1864 1077 1901 quos
1098 1855 1129 1896 ξ.
1147 1851 1209 1888 κδ’.
1227 1857 1264 1888 et
1283 1850 1357 1898 λβ’.
1378 1858 1577 1889 memorat.
1631 1852 1690 1890 Ne

253 1913 378 1951 dicam
397 1913 445 1950 de
462 1919 686 1963 argumento
700 1912 863 1962 ejusque
879 1912 1068 1950 tractandi
1083 1912 1195 1949 modo
1211 1913 1381 1950 universe
1399 1913 1448 1950 ita
1463 1914 1692 1962 comparatis

252 1981 293 2012 ut
317 1988 393 2023 quo
412 1974 653 2024 provectiore
674 1980 789 2011 aetate
818 1974 1010 2024 scripserit
1033 1974 1234 2019 Isocrates,
1253 1987 1299 2010 eo
1330 1974 1409 2011 seni
1426 1973 1634 2011 venerabili
1653 1982 1692 2012 et

251 2037 450 2087 sapientiae
471 2035 583 2074 laude
598 2035 804 2073 clarissimo
824 2035 997 2085 digniora
1017 2034 1230 2072 videantur.
1280 2037 1338 2073 Ac
1359 2048 1404 2073 ne
1425 2035 1512 2085 quis
1522 2037 1571 2073 de
1586 2041 1691 2073 tanta

252 2104 448 2135 senectute
468 2097 653 2134 sollicitus
670 2097 733 2141 sit,
755 2096 928 2133 novimus
954 2104 1088 2146 postea
1117 2097 1242 2146 duplo
1264 2097 1460 2134 minimum
1480 2097 1688 2146 longiorem

251 2159 461 2196 orationem
490 2158 810 2195 Panatlieuaicam
844 2158 892 2195 ab
923 2171 969 2195 eo
1003 2158 1265 2208 conscriptam
1294 2171 1389 2202 esse,
1409 2170 1524 2207 quam
1545 2157 1688 2195 XCIV.

250 2221 373 2257 aetatis
397 2233 498 2257 anno
522 2233 603 2257 sese
623 2220 791 2257 scribere
812 2233 1030 2270 aggressum
1060 2233 1157 2265 esse,
1184 2219 1395 2256 absolvisse
1418 2218 1583 2256 XCVII.
1605 2219 1688 2269 ipse

251 2281 391 2318 fatetur
403 2295 490 2331 pag.
505 2284 595 2319 233.
619 2282 662 2318 B.
683 2287 722 2319 et
740 2285 830 2319 289.
851 2280 897 2318 C.
941 2281 993 2318 Ut
1009 2281 1141 2318 merito
1158 2279 1294 2318 dixerit
1312 2280 1454 2318 Cicero
1468 2280 1516 2317 de
1533 2280 1687 2319 Senect.

251 2346 288 2379 5.
312 2347 337 2362 “
350 2342 416 2379 Est
429 2343 541 2379 etiam
557 2343 686 2392 quiete
700 2351 737 2379 et
751 2356 845 2393 pure
866 2349 904 2380 et
916 2343 1109 2392 eleganter
1123 2348 1220 2379 actae
1235 2341 1361 2379 aetatis
1374 2341 1526 2391 placida
1538 2348 1576 2379 et
1591 2341 1688 2380 lenis

250 2410 440 2440 senectus.
472 2404 634 2447 Qualem
654 2405 874 2454 accepimus
893 2403 1077 2449 Platonis,
1096 2403 1161 2453 qui
1182 2416 1258 2440 uno
1277 2409 1314 2439 et
1330 2403 1568 2454 octogesimo
1586 2415 1688 2440 anno

251 2464 422 2502 scribens
442 2472 610 2502 mortuus
631 2472 699 2502 est.
757 2465 918 2509 Qualem
943 2465 1140 2510 Isocratis,
1157 2464 1322 2514 quicum
1339 2464 1492 2509 librum,
1507 2464 1570 2512 qui
1589 2464 1685 2501 Pan-

250 2526 471 2563 athenaicus
503 2527 735 2573 inscribitur,
761 2533 897 2577 quarto
931 2533 969 2564 ct
995 2526 1242 2576 nonagesimo
1276 2538 1377 2562 anno
1405 2525 1603 2575 scripsisse
1631 2525 1686 2562 di-

250 2587 361 2632 citur,
378 2587 543 2637 vixitque
563 2588 866 2637 quinquennium
887 2587 1058 2638 postea.”
1113 2587 1203 2630 Quo
1224 2587 1310 2624 loco
1330 2601 1351 2624 a
1373 2586 1560 2624 Cicerone
1581 2586 1685 2635 posi-

250 2654 329 2686 tum
350 2661 431 2685 esse
450 2649 644 2697 scripsisse
663 2662 698 2686 se
718 2649 828 2694 dicit,
847 2649 950 2699 quod
972 2655 1011 2686 et
1026 2649 1063 2685 in
1085 2661 1162 2685 uno
1184 2648 1282 2685 Cod.
1306 2646 1479 2684 Palatino
1494 2653 1682 2695 repertum

250 2711 336 2756 fuit,
352 2718 575 2760 comparato
590 2711 757 2748 Isocrate
775 2725 811 2761 p.
827 2715 918 2749 288.
936 2712 980 2749 E.
995 2711 1186 2748 existimat
1199 2708 1495 2747 Valckenaerius
1509 2707 1544 2744 in
1557 2707 1682 2745 Diatr.

250 2773 472 2823 Euripidea,
496 2773 542 2812 C.
559 2773 872 2823 XX111.p.255.
895 2776 941 2811 Α.

306 2836 435 2884 Atque
455 2836 538 2871 liaec
556 2835 603 2871 de
619 2833 804 2872 Oratione
826 2836 998 2872 universe
1020 2835 1126 2873 dicta
1145 2833 1333 2872 sufficiant
1353 2845 1361 2869 :
1391 2845 1478 2881 quae
1498 2831 1545 2868 ad
1568 2832 1683 2870 recti-

255 2909 357 2934 orem
386 2895 618 2945 singulorum
645 2896 929 2945 intelligentiam
966 2903 1008 2934 ut
1038 2895 1183 2945 aliquid
1219 2895 1405 2948 collatura
1437 2894 1526 2938 sint,
1553 2906 1682 2943 spero.

255 2959 442 3008 Sequatur
455 2957 534 3007 jam
556 2957 639 3007 ipsa
660 2958 869 2996 Annotatio
887 2958 933 2996 ad
956 2957 1102 3007 singula
1122 2954 1306 3005 deinceps
1327 2953 1476 3005 Capita.
