1924 3314
591 220 1078 267 ΠΑΝΗΓὙΡΙΚΟ
1093 219 1148 265 Σ.

1486 209 1588 270 167

155 334 224 389 ὅτι
259 335 345 397 ταῖς
374 336 452 409 μὲν
487 360 570 389 των
601 335 823 407 σωμάτων
851 333 1023 401 ευεξῖως
1051 335 1163 388 ου’τω
1196 332 1408 406 (sewum
1438 331 1592 427 dapem

156 408 369 477 ἠξίωσαν,
404 420 494 470 τοῖς
524 408 619 463 ὃὲ“
597 409 702 487 νπὲρ
731 412 815 462 τῶν
848 411 991 462 κοινίῦν
1020 407 1111 479 ἰδίᾳ
1143 411 1364 471 πονήσασι
1397 406 1475 461 καὶ
1503 406 1592 467 τοὶς

158 540 259 570 media
286 540 405 571 Graecia
435 544 597 570 mercatum
634 538 777 573 instituit,
802 536 854 568 ubi

160 582 310 613 universae
335 594 386 613 res
406 583 496 613 facile
520 581 691 621 comparari
719 585 855 621 possunt.

159 624 224 667 (ιβ’.
227 625 242 665 )
258 625 378 664 Quodsi
394 626 492 665 magni
513 629 679 655 conventus
695 623 799 654 multis
815 623 855 652 de

160 669 263 699 causis
275 668 392 699 landari
403 673 566 703 merentur,
579 672 681 697 nostra
693 665 855 701 citima-1

161 722 220 751 qna
234 716 400 751 perpetuus
420 716 466 741 est
486 711 637 740 hominum
659 710 857 748 undequaque

161 754 374 784 confluentium
392 758 558 785 conventus
576 763 702 792 quaeque
723 752 811 781 ludos
828 755 858 781 et

161 797 354 827 celebritates
365 797 510 826 maximas
523 796 602 835 apud
614 806 647 825 se
657 795 856 825 instituendas

162 840 291 876 curavit,
306 850 363 869 nec
382 840 438 869 hac
458 839 578 877 quidem
597 838 628 867 in
642 848 675 867 re
688 841 857 876 postremas

163 883 242 912 tulit.
267 881 350 923 (ιγ’.)
376 882 413 911 Iu
436 880 625 921 philosophia
645 889 719 908 vero
739 883 771 908 et
794 879 857 907 elo·

163 926 294 964 quentis,
315 933 438 966 quarum
460 923 555 952 altera
574 922 675 960 legum
693 921 857 956 inventrix,

162 977 339 1006 morumque
352 976 388 995 ac
399 965 566 1005 disciplinae
579 963 723 1002 magistra
734 962 804 998 suit,
814 962 858 992 al-

162 1014 226 1039 tera
236 1010 371 1039 homines
383 1018 399 1037 a
409 1007 529 1043 belluis,
537 1006 690 1045 sapientes
700 1015 717 1034 a
725 1005 859 1041 stolidis,

162 1052 298 1082 eruditos
311 1051 349 1081 ub
363 1050 523 1080 ineruditis
537 1049 688 1083 distinxit,
701 1047 732 1077 in
744 1053 858 1078 tantum

163 1095 235 1124 urbs
250 1099 351 1124 nostra
365 1103 467 1123 omues
481 1093 618 1122 homines
640 1091 809 1130 superavit,
826 1095 859 1120 nt

162 1138 226 1176 ejus
248 1136 392 1176 discipuli
413 1136 539 1165 aliorum
561 1139 765 1174 praeceptores
787 1133 859 1163 sacti

162 1180 233 1214 sint,
243 1189 408 1218 nomenque
417 1177 518 1209 Graeci
530 1183 561 1207 et
572 1177 719 1217 ingeniosi
732 1176 859 1206 hominis

162 1223 242 1252 idem
257 1232 382 1263 prorsus
394 1222 573 1262 significent.
588 1220 649 1261 (ιδ’.
654 1219 669 1260 )
685 1220 727 1249 At
740 1229 797 1248 non
810 1229 858 1249 so-

163 1266 261 1295 lumin
274 1275 361 1304 pace,
374 1274 476 1295 verum
493 1264 582 1294 etiam
597 1264 629 1293 in
643 1263 724 1293 bello
736 1262 859 1292 Atheni-

163 1309 282 1338 ensium
292 1308 434 1338 beneficia
447 1307 562 1337 landari
572 1311 734 1341 merentur,
745 1305 858 1345 quippe

162 1352 213 1390 qui
225 1358 255 1381 et
265 1361 320 1390 pro
331 1351 429 1390 patria
442 1355 472 1380 et
480 1350 620 1379 libertate
629 1349 753 1378 aliorum
766 1349 861 1378 multa

161 1403 270 1433 magna
297 1393 514 1434 splendidaque
536 1392 672 1432 pericula
693 1391 860 1426 subierunt,

163 1435 470 1475 imbecillioribusque
484 1435 640 1474 opitulari,
653 1445 741 1474 qnam
753 1439 860 1473 poten-

162 1479 313 1510 tioribus
304 1479 478 1519 injuriarum
494 1479 647 1517 adjutores
663 1487 733 1507 esse
748 1477 860 1507 malue-

162 1526 242 1552 runt.
261 1521 320 1564 (ιε’.
336 1520 382 1557 ις’.
386 1521 402 1563 )
416 1522 515 1570 Quem
524 1525 696 1560 promptum
706 1530 811 1550 eorum
821 1520 861 1550 ad

164 1575 252 1605 opem
279 1565 432 1595 ferendam
461 1564 592 1593 animum
621 1573 657 1593 ac
685 1563 859 1603 potentiam,

165 1607 332 1648 supplices,
352 1606 568 1647 antiquissimis
587 1607 650 1644 jam
672 1606 862 1645 temporibus

164 1651 310 1686 Athenas,
335 1655 477 1689 tanquam
505 1649 543 1679 ad
567 1659 753 1678 communem
780 1658 862 1678 aram

165 1693 382 1724 misericordiae
390 1692 609 1730 confugientes,
618 1691 861 1721 satisdeclarant.

165 1737 207 1767 Ut
234 1736 349 1766 leviora
373 1736 521 1770 omittam,
545 1735 706 1768 Adrastus.
729 1734 862 1773 Argivo-

162 1789 228 1809 nm
242 1789 310 1815 rex,
324 1779 469 1809 adversus
483 1777 652 1813 Thebanos,
667 1777 717 1816 qui
733 1787 862 1816 corpora

163 1822 200 1851 ad
226 1822 389 1852 Cadmeum
420 1831 566 1850 canorum
598 1820 774 1859 sepelienda
802 1820 860 1849 sibi

162 1865 279 1895 tradere
292 1869 473 1900 recusarent,
484 1869 515 1893 et
530 1863 702 1894 Heraclidae
713 1863 861 1892 adversus

162 1908 366 1947 Eurystheum
381 1917 468 1946 opem
491 1907 576 1936 urbis
595 1911 703 1936 nostrae
719 1905 859 1944 implora-

160 1955 230 1980 runt
259 1955 344 1980 tanto
375 1960 531 1985 successu,
563 1955 597 1979 nt
628 1949 856 1980 Atheniensium

162 1992 275 2023 auxilia
284 1993 379 2032 adjuti
391 1993 501 2022 alteros
511 1992 660 2022 cadavera
673 1992 799 2022 reddere
809 2002 860 2022 co-

162 2041 268 2074 gerent
282 2041 313 2065 et
327 2036 454 2066 alterius
474 2035 616 2065 ferociam
637 2045 762 2074 prorsus
777 2045 859 2064 com-

161 2083 331 2117 pescerent.
376 2078 534 2113 Adrastus,
543 2089 667 2117 compos
679 2078 742 2107 voti
751 2078 860 2118 sactus,

161 2132 179 2151 a
193 2121 306 2151 Thebis
325 2121 411 2157 abiit,
432 2125 464 2150 et
487 2121 688 2160 Eurystheus,
705 2122 757 2160 qui
778 2121 860 2150 Her-

162 2164 273 2199 culem,
284 2165 362 2195 Jove
373 2170 472 2194 natum
482 2164 647 2203 divinoque
662 2165 770 2194 robore
783 2174 860 2203 prae-

163 2206 271 2242 ditnm,
293 2206 400 2246 partim
424 2206 572 2245 imperiis,
592 2207 700 2246 partim
727 2206 859 2245 injuriis,

160 2259 216 2289 per
237 2254 330 2279 totam
357 2250 449 2279 vitam
477 2255 654 2286 vexaverat,
679 2256 788 2290 captus
821 2251 859 2279 ab

163 2293 339 2323 Heraclidis
352 2293 570 2322 contumeliosa
583 2298 679 2322 morte
694 2293 797 2332 periit,
809 2292 859 2331 qui

162 2345 253 2375 quum
269 2336 407 2375 Spartam
428 2341 534 2374 postea
555 2337 719 2366 conderent
733 2338 859 2375 ejusque

161 2388 252 2418 reges
271 2379 388 2413 tierent,
409 2378 506 2408 omnis
522 2379 702 2418 posterioris
717 2379 859 2408 Lacedae-

162 2421 330 2452 monimum
346 2421 510 2456 felicitatis,
525 2422 752 2452 Atheniensium
768 2422 859 2451 bene-

162 2464 243 2500 ficio,
258 2469 398 2494 unctores
406 2464 538 2494 fuerunt.
555 2463 635 2505 (ιζ’.)
649 2465 684 2495 Si
700 2475 773 2495 vero
783 2465 861 2494 anti-

161 2507 315 2546 quissimis
338 2506 399 2537 illis
421 2507 608 2546 temporibus
626 2508 735 2538 civitas
759 2515 862 2537 nostra

161 2550 323 2580 Thebanos
340 2550 490 2588 imperata
513 2549 613 2580 facere
627 2551 742 2590 coegit,
763 2551 860 2581 Laee-

161 2592 327 2623 aemonias
350 2592 496 2627 servavit,
519 2593 650 2632 Argivos
661 2595 747 2630 vicit,
771 2598 860 2632 atque

163 2636 193 2666 hi
209 2640 272 2666 tres
287 2634 395 2676 populi
413 2635 615 2675 potentissimi
631 2636 762 2666 omnium
783 2636 862 2666 inter

160 2680 290 2710 Grecos
300 2679 432 2713 fuerunt,
446 2683 566 2708 nostros
581 2681 708 2718 maJores
719 2679 861 2709 omuibus

160 2722 202 2751 ab
226 2721 313 2752 initio
343 2721 516 2760 superiores
533 2721 630 2751 fuisse
649 2721 755 2761 liquet.
782 2721 861 2762 (ιη’.)

161 2764 264 2804 Atque
280 2764 360 2794 idem
375 2764 438 2793 fere
453 2765 490 2794 de
506 2764 643 2794 barbaris
656 2765 760 2794 dicere
779 2765 863 2801 licet,

160 2817 288 2846 quorun
317 2805 546 2845 antiquissimos
574 2812 607 2836 et
636 2807 863 2847 potentissimos

161 2849 275 2881 civitas
296 2855 401 2879 nostra
426 2849 514 2880 vicit.
539 2848 620 2891 (cB‘.)
650 2851 800 2880 Thracum
832 2855 865 2880 et

163 2892 347 2922 &ananum
355 2892 555 2928 incursiones,
562 2893 866 2932 qui‚Atbeniensibus

164 2935 198 2964 in
221 2939 402 2974 potestaten
433 2936 574 2972 redactis,
606 2947 711 2966 omnes
746 2936 865 2966 omnino

163 2977 459 3016 Omnem-begine
473 2979 681 3019 opinabuntur,
695 2983 781 3009 tanto
797 2989 867 3010 suc—

163 3028 260 3053 cessu
276 3029 298 3050 ι
311 3021 481 3060 tnjoeibss
502 3022 615 3053 nostris
635 3023 767 3063 repulsae
786 3028 868 3060 suut,

887 542 922 568 ut
945 537 1032 567 alteri
1060 537 1150 567 sedes
1173 546 1244 566 suas
1271 535 1388 565 Graecis
1418 535 1590 576 relinquere

888 585 1079 619 cogerentur,
1103 580 1263 609 alterarum
1278 579 1359 608 nulla
1376 578 1463 608 clade
1484 589 1590 618 super-

890 629 953 653 stes
969 629 1060 653 esset.
1074 621 1127 663 (κ’.
1137 620 1212 663 ια’.)
1228 621 1264 652 In
1279 621 1361 651 bello
1373 626 1473 652 autem
1486 627 1591 653 eontra

890 666 1016 696 Darium
1037 671 1070 695 et
1093 665 1233 695 Xerxem
1258 670 1358 704 gesto,
1383 669 1413 694 et
1438 665 1535 695 virtus
1559 670 1591 695 et

890 719 965 748 opes
990 710 1135 747 majorum
1166 712 1336 738 nostrorum
1367 711 1428 738 tam
1456 707 1591 747 insignes

891 753 987 787 suere,
1014 757 1048 781 ut
1069 751 1193 790 praemio
1216 750 1402 780 fortitudinis
1426 751 1527 781 statim
1551 752 1591 781 ab

891 794 978 824 initio
994 794 1130 823 honorati
1143 793 1244 832 paullo
1264 799 1346 833 post,
1367 794 1498 823 omnium
1518 803 1590 823 eon-

892 846 996 871 sensu,
1021 836 1114 866 maris
1141 836 1299 874 imperinm
1325 836 1506 872 obtinerent,
1531 845 1591 865 non

892 878 1103 907 recusantibus
1126 878 1376 913 Lacedaemoniis,
1397 879 1436 908 de
1463 887 1592 916 quornm

892 925 924 949 et
940 920 1168 950 Atheniensium
1185 921 1308 950 civitate
1323 921 1426 959 paullo
1440 920 1592 958 prolixius

892 962 1044 992 disserere
1067 963 1210 997 conabor,
1229 963 1286 992 etsi
1312 963 1411 1002 plures
1432 963 1514 1001 iique
1529 964 1593 992 elo—

893 1005 1080 1044 quentissimi
1095 1005 1179 1034 cives
1191 1005 1310 1035 easdem
1326 1015 1374 1034 res
1385 1006 1446 1044 jam
1457 1005 1528 1034 clim
1540 1015 1592 1035 oc-

891 1053 1051 1087 cuparunt.
1075 1044 1166 1087 (ιζ’.)
1189 1048 1290 1086 Atque
1315 1048 1373 1077 boc
1396 1049 1464 1077 loco
1485 1048 1519 1084 ii,
1540 1048 1593 1087 qui

890 1096 960 1120 ante
977 1092 1034 1121 boc
1053 1091 1165 1120 bellum
1177 1090 1208 1120 in
1222 1096 1351 1128 utraque
1363 1091 1487 1120 civitate
1498 1091 1594 1121 exsti-

891 1138 992 1164 terunt
1015 1143 1051 1163 ac
1074 1143 1135 1163 rem
1163 1134 1314 1173 publicam
1337 1133 1593 1170 administrarant,

891 1181 1016 1217 propter
1034 1177 1159 1216 egregia
1181 1178 1319 1207 instituta
1333 1187 1505 1216 moresque,
1527 1177 1594 1216 qui-

893 1221 948 1250 bus
959 1220 1105 1259 populum
1118 1220 1155 1249 ad
1167 1220 1319 1254 virtutem,
1331 1220 1362 1248 in
1373 1219 1500 1250 Persico
1511 1220 1592 1250 bello

892 1263 1060 1302 probatam,
1076 1267 1293 1302 praepararunt,
1310 1262 1432 1292 silentio
1447 1272 1506 1292 non
1523 1267 1594 1293 sunt

892 1306 1107 1344 praetereundi.
1151 1305 1412 1344 Quemadmodum
1428 1315 1500 1335 vero
1520 1316 1593 1345 erga.

893 1358 938 1382 se,
953 1349 1058 1378 eodem
1077 1350 1167 1379 modo
1182 1355 1213 1379 et
1227 1358 1299 1387 erga
1309 1349 1441 1387 reliquas
1452 1349 1593 1378 civitates

893 1391 995 1421 affecti
1024 1398 1120 1427 eraut,
1142 1402 1216 1431 quas
1249 1392 1406 1421 beneficiis
1431 1392 1593 1422 conciliare

894 1432 964 1469 sibi,
985 1444 1071 1473 qnam
1095 1435 1126 1465 vi
1150 1434 1292 1474 subigere
1314 1435 1409 1464 satius
1429 1435 1594 1468 duxeruut.

892 1476 985 1518 (κγ’.)
1001 1477 1062 1508 His
1081 1477 1176 1517 igitur
1193 1477 1329 1507 moribus
1349 1477 1467 1517 posteri
1490 1488 1593 1508 eornm

893 1520 1002 1550 imbuti
1014 1526 1044 1551 et
1054 1521 1147 1557 ancti,
1161 1521 1238 1550 tales
1251 1530 1319 1550 sese
1333 1520 1363 1550 in
1375 1520 1455 1550 bello
1467 1521 1595 1551 Persico

894 1563 1113 1602 praestiterunt,
1130 1569 1175 1599 nt,
1186 1563 1303 1593 viribus
1316 1563 1412 1593 totius
1427 1564 1511 1594 Asine
1524 1574 1595 1603 per-

896 1606 985 1636 brevi
1000 1611 1137 1646 tempore
1151 1606 1266 1642 fractis,
1283 1607 1423 1645 omnique
1437 1607 1526 1637 laude
1545 1618 1597 1638 sn·-

896 1648 1033 1688 periores
1044 1650 1129 1684 faeti,
1141 1659 1238 1688 neque
1248 1654 1405 1688 poetarum
1420 1660 1517 1689 neque
1527 1661 1596 1680 ora-

896 1697 995 1721 torum
1010 1692 1167 1731 quisqam
1183 1702 1236 1721 eos
1251 1693 1342 1731 dig-ne
1358 1693 1431 1722 satis
1449 1694 1597 1723 extollere

895 1735 1040 1774 potuerit.
1056 1734 1143 1775 (ιδ’.)
1158 1734 1230 1765 Fuit
1239 1735 1365 1774 quidem
1379 1745 1499 1775 semper
1516 1736 1598 1766 inter

897 1777 1098 1808 Athenienses
1120 1777 1424 1816 Lacedaemoniosque
1446 1779 1596 1810 aemulatio

896 1821 1033 1860 quaedam
1049 1830 1084 1849 ac
1098 1821 1221 1850 honoris
1232 1821 1397 1855 contentio,
1411 1822 1464 1850 sed
1478 1827 1541 1851 tum
1555 1822 1596 1851 de

895 1863 991 1893 salute
1007 1865 1194 1899 Graecorurn,
1208 1874 1266 1893 non
1283 1864 1321 1893 de
1337 1864 1483 1894 servitute
1499 1869 1596 1894 certa-

894 1911 977 1940 runt,
996 1906 1079 1945 quod
1103 1906 1222 1945 utrique
1246 1906 1277 1936 in
1302 1906 1407 1945 primis
1429 1907 1597 1944 celeritate,

895 1959 954 1988 qua
974 1949 1101 1987 primam
1124 1950 1286 1979 Persarum
1304 1950 1335 1979 in
1353 1949 1500 1979 Graeciam
1519 1951 1596 1980 irru-

895 1992 1029 2031 ptionem
1057 1996 1280 2031 represserunt,
1304 1992 1355 2022 ubi
1380 1993 1467 2022 alteri
1490 1993 1595 2023 alteris

894 2035 1013 2074 priores
1034 2045 1102 2064 esse
1123 2035 1295 2070 voluerunt,
1311 2035 1422 2065 affatim
1446 2037 1520 2066 satis
1535 2047 1596 2066 ma-

894 2079 1082 2108 nifestarunt.
1097 2078 1181 2118 (ns'.)
1196 2080 1271 2117 Quae
1292 2079 1449 2117 utriusque
1460 2079 1595 2110 civitatis

894 2120 1046 2151 aemulatio
1068 2121 1158 2151 etiarn
1186 2131 1225 2150 ex
1251 2132 1288 2151 eo
1311 2121 1410 2160 palam
1440 2119 1483 2157 fit,
1514 2124 1596 2161 qnod

895 2164 1096 2194 Athenienses
1108 2164 1136 2193 in
1149 2164 1284 2194 secunda
1297 2165 1458 2194 Persarum
1467 2165 1497 2194 in
1511 2167 1596 2196 Grn-

894 2207 970 2237 ciam
985 2207 1193 2245 expeditione,
1213 2207 1262 2236 cui
1286 2208 1412 2237 Xerxes
1430 2208 1499 2247 ipse
1519 2219 1596 2248 ρεπ-

893 2250 961 2285 suit,
976 2260 1043 2280 cum
1062 2249 1166 2289 paucis
1181 2250 1309 2279 navibus
1334 2250 1409 2286 suis,
1425 2252 1521 2280 veluti
1537 2252 1595 2281 soli

893 2303 962 2323 cum
988 2293 1124 2323 barbaris
1145 2292 1308 2331 confligere
1330 2300 1488 2332 cuperem,
1504 2294 1596 2325 classi

893 2336 1013 2366 illorum
1027 2336 1064 2365 ad
1080 2335 1288 2371 Artemisium,
1304 2336 1527 2366 Lacedaemonii
1541 2347 1596 2368 au-

893 2384 966 2415 tem,
988 2378 1093 2418 paucis
1113 2379 1207 2417 adjuti
1230 2379 1333 2414 sociis,
1352 2379 1514 2410 Persarum

893 2422 1047 2452 destribus
1059 2421 1157 2459 copiis
1172 2421 1440 2452 innumerabilibus
1453 2422 1485 2452 in
1499 2424 1596 2454 Ther-

893 2464 1026 2504 mopylis
1047 2469 1254 2495 occurrero-t.
1274 2464 1365 2506 (ις’.)
1380 2465 1492 2495 Verum
1515 2467 1594 2496 enim

894 2518 968 2538 vero
983 2507 1065 2537 varia
1076 2507 1196 2546 utrique
1205 2508 1324 2538 fortuna
1334 2508 1380 2539 usi
1393 2513 1472 2538 sunt.
1501 2510 1594 2540 Laee-

892 2551 1035 2581 daemonii
1049 2550 1080 2579 in
1095 2549 1310 2590 Thermopylis
1329 2553 1366 2581 nb
1380 2551 1521 2582 hostibus
1536 2553 1594 2582 cir-

893 2593 1048 2623 cumventi
1071 2593 1245 2632 perierunt3
1273 2593 1486 2634 Athenienses,
1503 2595 1595 2626 violis

896 2637 933 2667 ad
947 2636 1140 2667 Artemisium
1155 2637 1301 2673 barbaris,
1312 2637 1364 2666 ubi
1375 2637 1595 2678 Thermopylas

896 2685 1085 2719 expugnatas
1103 2689 1172 2710 esse
1195 2680 1388 2714 audiverunt,
1407 2680 1529 2710 domum
1544 2691 1594 2711 re-

896 2723 977 2752 versi
992 2722 1190 2761 omnibusque
1201 2722 1294 2752 sociis
1304 2722 1457 2758 destituti,
1471 2725 1596 2764 proprio

898 2767 997 2796 Marte
1020 2766 1195 2796 immensam
1217 2765 1352 2796 bostium
1372 2765 1597 2796 multitudinem

897 2814 978 2839 ter-ra
992 2808 1126 2848 marique
1139 2808 1288 2847 repellere
1302 2809 1402 2839 eonati
1414 2815 1495 2839 sunt.
1508 2808 1596 2849 (ιζ’.)

898 2851 1079 2882 Muneribus
1091 2852 1264 2887 Persarum,
1277 2852 1302 2881 si
1312 2851 1394 2882 bello
1402 2852 1599 2886 desisterent,

900 2904 1048 2935 generoso
1062 2895 1163 2924 animo
1173 2894 1358 2934 repudiatis,
1372 2905 1428 2924 nec
1440 2895 1565 2927 Graecis.
1581 2904 1599 2923 a

901 2938 1009 2978 quibus
1023 2938 1156 2977 turpiter
1165 2938 1303 2968 destituti
1314 2943 1410 2973 erant,
1424 2937 1504 2972 irati,
1516 2937 1599 2967 solos

901 2991 947 3018 se,
959 2986 1101 3020 tauquam
1115 2980 1243 3010 Graeciae
1253 2979 1423 3020 principes,
1439 2990 1494 3019 pro
1502 2980 1601 3018 patris

903 3024 979 3056 nori
987 3025 1098 3056 decere
1110 3024 1321 3056 exisu'mmt
1328 3027 1363 3053 et
1373 3024 1448 3053 urbe
1461 3023 1601 3054 hostibus
