1914 3314
696 215 1061 259 ΒΟὙΣΙΡΙΣ.

1486 211 1593 261 483

161 351 243 379 των
262 325 304 378 δὲ
324 325 466 391 λόγων
492 327 630 388 τινοές,
647 350 701 377 ων
726 327 982 418 «γέγραφας,
995 327 1132 385 αὗτός
1155 324 1408 392 οἷνεγνωκῶς
1428 324 1592 388 ἥδιστα

152 400 236 468 μὲν
260 397 312 450 ἅν
339 422 406 451 σοι
433 423 528 474 περι
551 398 654 461 ὅλης
671 399 1060 488 ἔπαρῥησιασοὶμην
1086 400 1161 461 τῆς
1182 397 1463 462 παιδεύσεως,
1493 423 1588 467 περι

156 498 205 533 ην
226 473 489 539 ἧνοίγκασαι
516 471 752 540 διατρίβειν
770 473 1049 544 -νῗγουμαι
1069 473 1158 548 ’γοέξ
1185 483 1274 531 τοῖς
1297 472 1375 542 μὲν
1399 471 1591 538 οἷναξῖως

157 543 508 614 δυσ-τυχοῦσιν,’
491 571 542 599 εκ.
581 545 640 599 δὲ·
657 545 920 611 φιλοσοφίας
964 545 1338 622 χρηματιζεσθαι
1391 547 1591 616 ζητουσιν

158 665 191 689 ut
208 661 362 696 haberent,
386 661 554 701 prospexit,
566 672 620 702 per
632 671 706 701 quas
718 661 761 691 illi
773 671 853 691 com-

156 703 318 733 moditates
349 711 443 734 artem
478 705 622 734 medicam
656 709 855 743 repererunt3

156 745 376 785 philosophiam
393 746 580 785 introduxit3
603 747 725 776 senibus
737 747 855 785 gravis-

156 788 233 818 sima
246 799 371 828 quaeqne
386 790 488 819 munia
502 790 665 824 mandavit,
681 790 854 819 adolescen-

157 831 240 860 tibus
268 832 430 870 persuasit,
459 837 491 861 nt
522 832 551 862 in
578 832 770 867 astronomia,
796 833 854 862 ari-

157 873 298 903 thmetica
317 879 347 903 et
375 875 540 912 geometria
564 881 764 910 versarentur,
788 885 854 913 quae

150 917 258 950 ,studia
281 926 339 945 non
362 920 476 945 tantum
505 918 540 946 ad
568 917 641 945 alias
668 927 725 951 res,
750 927 853 946 verum

156 958 245 987 etiam
256 958 291 987 ad
302 958 441 987 virtutem
452 958 692 987 fructuosissima
702 963 780 986 sunt.
797 957 855 997 (ι’.)

155 1000 295 1029 Maxime
310 1009 382 1029 vero
397 1000 573 1029 admiranda
588 1004 636 1028 est
651 1000 771 1029 illorum
788 1000 853 1038 pie-

155 1048 207 1080 tas*
221 1042 380 1080 cultusque
401 1041 524 1070 deorum
557 1052 574 1070 a
600 1042 741 1072 Busiride
766 1041 854 1070 insti-

148 1088 249 1114 tutus.
292 1085 328 1113 In
346 1093 525 1122 quacunque
541 1084 599 1113 alia
615 1089 679 1114 arte
692 1084 739 1113 vel
756 1084 852 1113 disci-

153 1126 236 1165 plina
261 1126 445 1164 decipientes
474 1127 612 1165 deceptis
637 1132 762 1163 nocent;
800 1126 851 1165 qui

153 1174 251 1198 autem
276 1170 351 1198 deos
376 1169 414 1198 ad
437 1169 560 1208 praemia
581 1179 745 1208 poenasque
765 1179 851 1207 para-

152 1211 246 1241 tiores
261 1211 424 1247 docent‚in
441 1221 533 1240 causa
554 1212 674 1241 fuerunt
693 1213 732 1241 ab
751 1211 852 1247 initio,

152 1263 189 1283 ne
197 1253 335 1283 homines
345 1264 427 1283 more
436 1255 563 1283 ferarum
575 1255 652 1283 inter
662 1265 694 1282 se
703 1255 851 1284 viverent.

151 1296 236 1326 Hinc
254 1296 419 1336 juramenti
432 1297 576 1326 sanctitas
591 1297 668 1336 apud
687 1297 851 1336 AEgyptos,

152 1339 204 1379 qui
216 1350 318 1377 poenas
328 1350 384 1369 uon
395 1339 521 1374 differri,
535 1340 587 1369 sed
601 1340 757 1379 extemplo
768 1339 850 1378 exigi

153 1381 324 1421 opinantur.
368 1382 488 1411 Deinde
505 1388 537 1411 ut
556 1382 676 1421 piebem
694 1382 730 1411 ad
754 1383 851 1411 onmia

152 1425 324 1464 principum
335 1425 435 1454 edicta
450 1425 638 1454 observanda
648 1426 850 1454 assuefaceret

154 1471 186 1496 et
205 1467 239 1496 in·
251 1467 416 1497 manifestis
436 1468 525 1497 rebus
545 1472 684 1501 tentaret,
708 1468 778 1507 quid
800 1468 851 1497 illa

153 1510 192 1540 de
221 1510 352 1540 occultis
369 1511 516 1544 sentiret,
538 1510 590 1540 ille
615 1520 734 1550 quoque
759 1511 852 1540 multa

153 1557 327 1591 contempta
347 1553 426 1591 apud
442 1564 496 1582 nos
518 1553 656 1582 animalia
675 1554 733 1582 coli
748 1553 852 1590 jussit.

108 1622 110 1626 ,
153 1594 238 1635 (aoe'.)
268 1596 462 1625 Sanctitatem
493 1595 708 1634 AEgyptornm,
732 1596 771 1624 de
793 1606 851 1635 qna

154 1638 241 1677 plura
250 1639 380 1676 adjicere
390 1648 521 1676 possem,
529 1639 678 1677 imprimis
693 1639 852 1677 perspexit

154 1681 357 1720 Pythagoras,
384 1681 434 1719 qui
458 1686 520 1710 tum
550 1682 690 1719 reliquam
716 1681 850 1719 philoso-

153 1724 253 1763 phiam
285 1734 322 1752 ex
353 1723 488 1762 AEgypto
515 1723 573 1752 huc
601 1724 761 1758 transtulit,
788 1729 849 1753 tum

153 1766 433 1795 consecrationibus
454 1765 483 1795 in
505 1766 624 1804 templis
642 1772 671 1795 et
695 1766 850 1795 sacrificiis

151 1808 271 1838 illorum
285 1814 442 1848 tantopere
457 1809 585 1844 studuit,
599 1814 630 1838 ut
645 1819 748 1837 omnes
765 1810 850 1838 Grae-

153 1861 206 1880 cos
221 1851 350 1881 nominis
370 1851 545 1880 celebritate
561 1851 754 1880 antecelleret
772 1858 801 1880 et
818 1856 850 1881 ut

149 1893 219 1932 'ejus
235 1894 403 1932 discipulos
417 1894 511 1932 magis
523 1894 704 1924 admiremur
715 1899 849 1924 tacentes

154 1947 241 1975 quam
257 1937 438 1976 eloquentiae
455 1937 548 1977 gloria
572 1937 847 1975 praestantissimos.

151 1978 239 2019 (ιβ’.)
261 1980 377 2017 Quodsi
389 1989 460 2008 vero
475 1980 604 2008 omnium
623 1980 722 2008 harum
738 1990 846 2015 rerum,

155 2032 229 2061 quas
249 2022 382 2057 laudavi,
396 2021 569 2051 Busiridem
594 2033 661 2052 esse
684 2028 847 2059 auctorem,

156 2064 355 2094 demonstrari
378 2074 465 2104 posse
489 2075 590 2103 negas,
614 2064 695 2103 (ιγ’.)
722 2065 847 2104 egotibi

155 2107 220 2136 laaec
247 2118 304 2137 non
328 2107 420 2137 licere
443 2108 602 2142 contendo,
619 2118 707 2147 quum
732 2114 761 2137 et
782 2108 847 2148 ipse

155 2154 222 2179 tuas
245 2151 283 2180 de
306 2149 359 2179 illo
383 2150 567 2180 narrationes
589 2161 645 2180 non
671 2151 795 2191 probes,
817 2156 848 2180 et

154 2193 226 2223 talia
241 2192 285 2222 illi
300 2193 428 2227 tribuas,
442 2203 508 2231 quae
525 2203 622 2231 neque
644 2193 673 2222 in
694 2193 846 2224 hominurn

154 2235 394 2266 imbecillitatem
412 2246 509 2274 neque
531 2237 784 2266 mansuetudinem
799 2247 848 2266 ca-

153 2278 236 2308 dant.
280 2278 400 2308 Deinde
423 2278 543 2308 etiamsi
565 2289 630 2308 mea
645 2284 755 2318 tuaque
773 2280 848 2310 falsa

154 2321 225 2357 sint,
253 2332 310 2361 ego
333 2326 430 2351 tamen
455 2321 537 2351 illum
561 2322 663 2358 laudo,
687 2328 718 2352 tu
745 2327 849 2353 contra

154 2364 324 2403 vituperas,
334 2364 462 2403 ideoque
470 2364 632 2403 dupliciter
643 2376 759 2405 peccas.
769 2365 849 2405 (ιδ’.)

153 2407 231 2444 Qua:
243 2417 300 2446 ego
310 2407 441 2446 profero,
453 2408 638 2437 verosimilia
650 2414 739 2445 snnt;
755 2409 849 2448 siqui-

152 2451 220 2480 dem
235 2455 422 2489 receptorum
441 2450 505 2479 illic
523 2451 726 2480 institutorum
742 2456 850 2490 praeter

153 2492 342 2528 Busiridem,
352 2493 494 2531 Neptuno
505 2498 534 2522 et
547 2493 849 2530 Libyaortum,.nemo

153 2541 259 2566 auctor
273 2546 337 2566 esse
353 2536 461 2575 possit.
485 2535 562 2576 (ιε’.)
588 2537 726 2576 Denique
741 2537 848 2566 rationi

153 2585 322 2618 temporum
352 2588 409 2608 non
432 2584 610 2615 congruunt,
625 2589 691 2617 qnae
712 2581 849 2609 Busiridi

113 2635 116 2639 ·
154 2621 350 2661 objiciuntur.
394 2621 443 2651 Ab
467 2622 601 2651 Hercule
617 2621 701 2651 illum
727 2627 851 2662 propter

154 2674 250 2694 caesos
280 2663 416 2704 hospites
442 2664 574 2693 occisum
604 2674 670 2694 esse
699 2665 850 2702 dictitant,

154 2707 211 2736 etsi
235 2711 365 2743 constat,
382 2707 547 2737 Herculem
565 2712 693 2745 quatuor
713 2708 851 2738 aetatibus

155 2748 209 2779 itlo
220 2750 372 2788 juniorem
391 2750 495 2783 fuisse,
508 2751 586 2787 quod
604 2760 621 2778 a
637 2755 665 2779 te
681 2750 850 2789 neglectum

156 2801 225 2821 exse
240 2793 326 2830 valde
341 2793 446 2823 miror.
469 2792 554 2833 (ις’.)
578 2793 636 2822 Sed
655 2793 735 2822 nulla
755 2798 783 2822 Ιιι
803 2805 852 2823 ve-

156 2833 253 2864 ritatis
267 2835 384 2866 ratione
401 2835 500 2865 habita
516 2841 671 2874 poetarum
693 2836 853 2865 maledicta

158 2882 280 2907 secutus
293 2889 339 2914 oa,
352 2880 403 2918 qui
428 2878 465 2907 de
487 2879 546 2908 diis
567 2878 787 2908 immortalibus
802 2890 852 2908 eo-

157 2928 282 2958 rumque
297 2920 364 2951 tiliis
375 2921 452 2951 tales
466 2921 584 2951 fabulas
598 2922 757 2951 commenti
773 2928 852 2957 sunt,

157 2961 262 2998 quales
295 2972 380 2993 nemo
413 2963 442 2994 in
477 2974 549 2994 suos
583 2964 722 2994 inimicos
751 2965 852 2994 dicere

157 3003 279 3034 audeat.
320 3004 383 3036 Pro
402 3006 523 3046 quibus,
539 3017 629 3046 quum
655 3017 773 3047 pretias,
797 3008 852 3037 etsi

890 671 946 691 non
975 661 1110 694 meritas,
1141 660 1292 694 dederint,
1323 661 1448 690 istorum
1481 660 1590 690 delira-

889 708 999 739 menta,
1023 705 1049 733 si
1072 704 1218 743 sapimus,
1240 714 1296 733 non
1321 703 1482 738 imitemur,
1506 704 1589 743 cogi·

889 752 998 782 tantes,
1019 757 1086 781 eos,
1106 747 1157 785 qui
1179 746 1250 775 talia
1271 746 1397 775 credunt
1419 751 1447 775 et
1472 746 1588 782 dicunt,

889 791 992 819 eadem
1019 789 1203 828 delinquere.
1227 787 1306 828 (ιζ’.)
1329 790 1394 825 Ego
1417 789 1509 827 igitur
1529 798 1586 818 uon

888 837 1001 861 tanturn
1014 833 1100 866 deos,
1111 832 1162 860 sed
1176 836 1204 860 et
1220 830 1339 860 illorum
1355 830 1432 859 filios
1447 842 1462 859 a
1479 832 1586 869 quovis

889 875 1005 903 scelere
1035 875 1148 902 alienos
1177 884 1243 902 esse
1275 878 1359 912 puto,
1391 873 1518 911 aliisque
1549 874 1585 903 ad

888 918 1002 954 optima
1025 926 1151 954 quaeque
1171 916 1265 944 duces
1285 921 1314 944 et
1332 915 1490 953 magistros
1508 925 1586 946 esse.

887 958 1033 995 Quoniam
1050 967 1122 986 vero
1148 957 1282 986 homines
1304 968 1358 986 nos
1380 957 1494 986 sobolis
1517 968 1585 995 pro-

887 999 1063 1037 speritatem
1087 999 1147 1027 diis
1169 1004 1324 1038 acceptam
1347 999 1516 1034 referimus,
1535 1010 1587 1030 no·

887 1047 1026 1080 strosque
1036 1041 1148 1070 liberos
1159 1042 1271 1079 probos
1284 1052 1352 1070 esse
1365 1046 1505 1080 optamus
1518 1052 1586 1071 eos-

886 1093 944 1121 que
970 1084 1046 1112 tales
1073 1084 1202 1112 reddere
1227 1094 1400 1122 possumus,
1421 1084 1584 1114 absurdum

885 1131 977 1161 esset,
998 1126 1134 1161 credere,
1151 1125 1225 1154 deos
1242 1126 1349 1155 nullam
1375 1137 1498 1164 prorsus
1515 1137 1586 1158 sno-

884 1178 948 1197 rum
967 1169 1130 1198 liberornm
1154 1178 1255 1197 curam
1273 1178 1390 1205 ¹zerere,
1413 1179 1526 1208 eosque
1545 1180 1584 1199 ex

885 1221 953 1241 sese
968 1211 1084 1250 genitos
1107 1212 1181 1241 adeo
1202 1221 1316 1250 pravos
1341 1216 1370 1241 et
1389 1212 1498 1251 impios
1517 1222 1585 1242 esse

885 1254 993 1283 sinere.
1018 1254 1137 1291 Quodsi
1150 1255 1272 1283 eosdem
1285 1255 1378 1283 bonos
1391 1265 1458 1284 esse
1470 1254 1585 1293 nolunt,

885 1296 1036 1326 deteriore
1059 1301 1127 1326 sunt
1149 1307 1236 1335 quam
1258 1297 1393 1326 homines
1408 1297 1540 1335 ingenio,
1557 1298 1586 1328 si

884 1344 1045 1378 nequeunt,
1058 1339 1174 1369 minore
1186 1344 1253 1368 sunt
1265 1349 1352 1377 quam
1366 1341 1584 1380 sophistem-qui

884 1382 1053 1420 discipulos
1077 1382 1247 1417 emendant,
1272 1382 1406 1420 potentia
1432 1383 1583 1413 instructi.

885 1423 965 1465 (ιη’.)
989 1424 1137 1464 Equidem
1161 1424 1360 1454 laudationem
1381 1430 1411 1454 et
1434 1425 1584 1456 defensio-

885 1477 949 1496 nem
970 1467 1120 1496 Busiridis
1136 1467 1222 1497 facile
1239 1467 1365 1497 dilatare
1381 1478 1513 1506 possem,
1528 1469 1582 1498 sed

885 1510 948 1539 haec
964 1510 1122 1546 sufficiant,
1136 1520 1228 1550 quam
1244 1521 1301 1539 non
1317 1511 1496 1549 ostendendi
1512 1511 1588 1548 mei,

885 1553 936 1582 sed
965 1553 1120 1582 erudiendi
1144 1553 1188 1582 tui
1214 1563 1315 1588 causa,
1340 1554 1489 1591 quomodo
1519 1555 1582 1584 lau-

885 1595 968 1632 datio
991 1601 1021 1625 et
1047 1596 1187 1634 apologia
1210 1596 1403 1625 conficiendae
1431 1595 1500 1630 sint.
1518 1597 1589 1627 haeo

885 1638 1056 1676 scripserim
1071 1649 1078 1675 ς
1103 1648 1168 1667 nam
1184 1643 1233 1667 tua
1249 1638 1344 1667 oratio
1365 1649 1421 1667 non
1437 1639 1584 1676 defensio,

885 1681 937 1710 sed
949 1680 1104 1710 criminum
1118 1680 1269 1710 confessio
1281 1681 1392 1710 rectius
1406 1682 1584 1712 nominanda

886 1729 944 1754 est.
970 1722 1048 1764 (ιθ.)
1079 1724 1190 1752 Tecum
1206 1723 1296 1752 velim
1320 1730 1454 1762 reputes,
1471 1725 1496 1753 si
1514 1723 1582 1764 ipse

885 1767 920 1794 ad
947 1767 1036 1795 istum
1065 1767 1184 1795 modum
1210 1766 1416 1801 defenderem,
1439 1777 1524 1804 quem
1551 1772 1581 1796 tu

885 1809 1013 1838 animum
1039 1820 1110 1846 erga
1134 1809 1321 1838 defensorem
1345 1809 1501 1838 habiturus
1518 1810 1579 1840 sis!

883 1850 953 1890 (κ’.)
978 1852 1092 1880 Deinde
1106 1852 1291 1884 consideres,
1301 1862 1386 1888 quam
1400 1852 1491 1881 noxia
1504 1853 1582 1890 ejus·

883 1895 965 1924 modi
982 1894 1019 1923 sit
1033 1896 1141 1929 oratio,
1153 1905 1219 1933 quae
1232 1895 1399 1923 auditorum
1413 1895 1581 1933 quempiam

882 1937 1032 1966 infelicem
1048 1938 1173 1966 reddere
1188 1936 1301 1976 pos-it!
1341 1936 1432 1977 (καί.)
1456 1939 1495 1966 At
1511 1938 1536 1966 si
1553 1942 1582 1967 te

882 1979 938 2009 bac
948 1980 1082 2009 oratione
1090 1981 1296 2010 demonstrare
1307 1980 1437 2009 voluisse
1446 1980 1501 2015 ais,
1510 1991 1584 2020 quu-

882 2024 971 2054 modo
987 2028 1126 2062 oporteat
1141 2024 1220 2052 sceda
1242 2022 1364 2052 crimina
1381 2032 1521 2062 purgare,
1536 2024 1582 2053 in—

881 2066 1000 2104 telliges
1024 2077 1112 2101 nunc,
1137 2066 1243 2095 melius
1267 2075 1334 2094 esse
1358 2069 1470 2100 tacere,
1493 2076 1581 2104 quam

880 2109 936 2138 hac
962 2108 1077 2138 ratione
1106 2118 1282 2147 quemquam
1313 2109 1485 2143 defendere,
1506 2119 1583 2147 prae-

880 2151 981 2181 sertim
998 2162 1065 2180 cnm
1083 2151 1229 2189 ejusmodi
1247 2151 1430 2180 orationibus
1445 2151 1500 2180 arti
1518 2161 1583 2180 ora-

881 2195 966 2224 toriae
984 2194 1114 2224 maxima
1128 2193 1244 2222 invidia
1259 2193 1461 2223 contrahatur.
1490 2192 1583 2233 (ιβ’.)

882 2237 915 2266 ln
940 2242 1094 2276 posterum
1122 2237 1214 2275 igitur
1238 2236 1310 2266 talia
1335 2236 1473 2274 improba
1493 2246 1581 2275 argu·

881 2286 979 2310 menta
1004 2291 1040 2308 ne
1064 2284 1174 2308 tractes
1198 2284 1226 2308 te
1253 2289 1338 2318 rogo,
1373 2277 1462 2319 (κγ’.)
1483 2289 1581 2318 neque

882 2322 1011 2358 mireris,
1028 2322 1053 2351 si
1070 2333 1126 2361 ego
1142 2326 1171 2351 te
1187 2321 1302 2360 junior,
1317 2331 1373 2350 nec
1395 2321 1456 2350 ulla
1477 2331 1584 2352 neces-

884 2366 1015 2394 situdine
1035 2370 1134 2394 tecum
1158 2366 1337 2403 conjunctus
1355 2374 1475 2394 monere
1495 2364 1583 2394 insti-

875 2409 1004 2449 tuerim,
1019 2418 1107 2446 quum
1123 2407 1162 2436 de
1178 2407 1325 2445 ejusmodi
1340 2408 1431 2437 rebus
1453 2407 1586 2438 consilia>

883 2452 954 2480 dare
974 2461 1074 2479 eornm
1094 2450 1145 2484 sit,
1166 2450 1216 2488 qui
1235 2455 1264 2479 et
1285 2450 1417 2489 plurima
1433 2449 1528 2480 sciant
1551 2455 1583 2481 et

883 2494 1028 2532 prodesse
1041 2493 1145 2522 velint.
1170 2494 1279 2522 [mnu.
1324 2493 1372 2522 De
1382 2492 1437 2522 hac
1448 2492 1582 2523 oratione

884 2547 940 2566 non
954 2537 1048 2574 magis
1062 2541 1190 2571 constat,
1202 2545 1287 2575 quam
1302 2536 1340 2564 de
1355 2535 1406 2565 illa
1422 2545 1488 2574 quae
1504 2546 1583 2575 prae-

883 2579 975 2614 cedit,
987 2589 1045 2618 qua
1060 2583 1148 2608 aetate
1161 2578 1324 2618 scripserit
1334 2578 1504 2615 Isocratcs;
1527 2579 1581 2608 sed

885 2623 1004 2652 videtur
1020 2627 1089 2651 tunc
1104 2631 1161 2651 non
1178 2621 1273 2651 fuisse
1291 2621 1376 2651 aunis
1397 2621 1583 2661 provectior.

887 2665 1020 2695 Auem.

927 2706 1104 2746 Ἐπιείκειαν]
1128 2708 1302 2748 oeqtcitatem,
1324 2717 1382 2746 qna
1402 2706 1582 2737 admonitio-

885 2761 951 2780 nem
978 2751 1052 2780 hanc
1079 2751 1134 2780 tibi
1159 2750 1319 2780 salutarem
1348 2749 1425 2788 aequi
1451 2749 1582 2788 bonique

886 2793 990 2823 facies.
1006 2793 1105 2823 Wolf.
1124 2793 1250 2832 conjicit
1270 2790 1426 2828 ἁποίκησιν,
1441 2792 1488 2821 vel
1502 2793 1583 2820 ἀποι-

885 2837 954 2865 κίειν.
979 2836 1004 2866 l
1009 2834 1237 2871 Λκσ.’1σον,ὢς
1252 2835 1350 2870 εἰπεῖν,
1368 2833 1419 2865 ὦδε
1437 2834 1548 2864 δύναται
1569 2833 1582 2861 ἦ

886 2878 1019 2911 έπίέίκείίῑ
1039 2890 1074 2908 ΤΠ
1093 2890 1181 2919 πενία,
1196 2877 1214 2918 ᾖ
1235 2879 1312 2908 drMW
1334 2890 1362 2907 ου
1382 2876 1460 2916 fadum
1479 2886 1509 2904 ἐκ
1529 2886 1584 2904 'fulv

886 2921 1034 2959 ἑπομένων.
1055 2922 1134 2952 ἀλλὰ
1152 2922 1199 2953 καὶ
1216 2920 1247 2974 ἐξ
1267 2919 1302 2952 ων
1312 2920 1435 2959 ’Όμηρος
1454 2916 1521 2958 <’.1λ
1546 2924 1582 2947 Ψ.

887 2968 960 2996 245.
968 2964 980 3001 )
1002 2964 1049 2994 τὸν
1067 2963 1173 3001 ἐπιεικῆ
1194 2964 1256 3005 προς
1281 2962 1327 2993 τὸν
1348 2960 1450 2992 πολλὸν
1470 2958 1596 2990 ἀντιδάκ-

887 3013 1008 3038 σταλκι.
1029 3008 1113 3038 Con.
