1924 3314
286 184 340 224 32
818 184 874 225 Η.
908 183 1206 226 STEPHANI

287 298 388 337 catio
407 297 685 335 institutionem
706 298 989 348 complectitur.
1047 300 1104 336 Ac
1126 311 1195 347 pro
1223 311 1310 337 meo
1338 299 1464 337 facere
1492 299 1650 349 quidam
1679 300 1735 337 vi-

287 360 400 401 detur
416 360 538 403 locuS‚
553 359 617 396 ubi
631 360 828 410 ἐλευθέρως
844 359 1117 410 τεθραμμένους
1136 364 1174 395 et
1193 362 1489 410 μεγαλοφρονεῖν
1508 362 1738 409 εἰθισμένους

287 421 407 459 dicit:
449 433 567 469 quum
600 426 712 458 antea
743 426 806 458 τοῦ
831 419 1072 465 παιδευθῆναι
1100 419 1293 456 mentione
1321 419 1436 466 sacta,
1456 421 1591 458 eadem
1621 421 1670 458 de
1695 433 1736 457 re

285 481 391 530 loqui
410 481 507 517 velle
527 480 716 518 videatur.
773 481 859 518 Alia
880 487 968 518 sunt
991 481 1272 530 quamplurima
1292 492 1363 530 per
1381 477 1497 529 huju's
1515 482 1636 519 nostri
1657 481 1738 518 Iso—

282 542 396 579 cratis
416 542 610 579 orationes
640 554 786 591 sparsa,
808 555 894 589 quae
922 542 970 579 ad
999 541 1168 584 ethicam
1200 541 1483 591 philosophiam
1513 542 1731 592 pertinent:

283 615 326 638 ea
347 609 474 639 autem
494 601 730 638 observanda
753 601 822 638 tibi
843 602 1030 648 relinquo,
1053 607 1089 638 te
1110 602 1216 638 velut
1234 601 1272 638 in
1292 600 1389 638 viam
1412 600 1528 648 hujus
1552 602 1734 639 observa-

283 662 396 698 tionis
419 662 611 698 induxisse
632 667 848 698 contentus.
906 661 980 698 Sed
1008 674 1126 708 quum
1149 661 1262 698 finem
1285 661 1375 698 huic
1398 660 1587 698 Diatribae
1609 661 1734 711 impo-

280 734 369 758 nere
391 721 453 758 hic
473 722 704 768 statuissem,
725 721 950 758 recordatus
971 734 1054 759 sum
1085 721 1187 759 illius
1216 722 1291 758 loci
1319 721 1534 766 Isocratici,
1553 721 1665 770 cujus
1693 721 1733 758 in

279 781 470 831 principio
491 782 724 819 mentionem
742 781 829 825 feci,
845 782 909 819 ubi
926 782 1104 820 videlicet
1125 782 1186 820 ille
1209 782 1396 832 improbis
1416 781 1610 820 nonnullis
1626 794 1732 819 suam

280 841 472 889 quandam
501 842 680 880 virtutem
701 843 856 881 tribuit:
886 856 932 880 ac
953 843 1092 892 puduit
1112 844 1296 881 lectorem
1321 843 1476 880 omuino
1503 854 1732 892 suspensum

279 903 327 939 de
347 915 392 939 eo
413 903 643 954 relinquere,
663 917 709 941 ac
730 917 806 940 non
827 904 900 941 hoc
931 904 1064 941 saltem
1095 904 1250 951 addere,
1271 917 1399 941 annon
1429 911 1465 941 et
1496 904 1576 953 ipse
1605 903 1733 953 aliquo

281 976 364 1000 meo
382 964 596 1013 patrocinio
616 964 793 1013 adjuvari
816 971 975 1013 posset:
1007 978 1053 1002 ac
1071 965 1162 1002 mihi
1185 966 1223 1002 in
1243 969 1409 1002 mentem
1429 963 1532 1001 venit
1560 963 1732 1009 taudem,

278 1023 316 1060 id
338 1036 398 1063 me
418 1024 587 1064 officium
605 1025 657 1063 illi
677 1025 714 1062 in
738 1038 813 1063 uno
835 1039 881 1063 ex
902 1025 993 1063 meis
1014 1025 1313 1063 schediasmatis
1332 1024 1571 1075 praestitisse.

762 1316 1112 1359 DIATRIBE
1152 1317 1231 1358 VI.

317 1415 384 1457 (1.)
408 1418 454 1446 De
487 1416 601 1455 aliquot
635 1416 709 1445 locis
741 1415 964 1451 communibus,
992 1426 1119 1455 quorum
1145 1415 1281 1444 nonnulli
1311 1415 1389 1444 haud
1422 1414 1515 1444 semel
1549 1417 1729 1444 tractantur.

274 1466 342 1507 (2.)
375 1468 423 1496 De
453 1467 633 1506 quibusdam
657 1470 746 1496 acute
770 1471 801 1496 et
823 1467 886 1496 fere
909 1467 1063 1505 paradoxe
1086 1467 1123 1495 ab
1147 1476 1183 1495 eo
1206 1466 1310 1496 dictis.
1361 1465 1425 1506 (3.)
1449 1466 1542 1495 Hunc
1557 1466 1725 1504 ,Oratorem

276 1518 364 1547 simul
382 1522 412 1547 et
429 1518 535 1547 Virum
561 1518 671 1547 bonum
699 1516 809 1556 ubique
826 1517 943 1547 videri:
967 1518 1047 1556 quod
1066 1521 1186 1547 veteres
1208 1517 1239 1546 in
1265 1527 1325 1546 uno
1348 1526 1468 1555 quoque
1484 1520 1603 1545 oratore
1625 1515 1727 1554 requi·

274 1568 424 1598 siverunt.

327 1644 400 1693 (1.)
429 1643 662 1680 Communes
681 1642 796 1680 etiam
824 1642 900 1680 loci
924 1643 1025 1680 hunc
1047 1642 1152 1692 apud
1180 1643 1412 1692 scriptorem
1434 1647 1522 1679 sunt
1547 1641 1727 1690 pulcher-

274 1705 370 1750 rimi,
391 1710 430 1741 et
455 1705 713 1753 pulcherrime
744 1705 910 1740 tractati.
967 1704 1029 1740 De
1059 1704 1102 1741 iis
1130 1710 1259 1742 autem
1287 1704 1429 1753 loquor
1458 1702 1727 1740 communibus

273 1766 366 1802 locis
387 1777 547 1814 quorum
569 1778 589 1801 a
609 1764 854 1807 Quintiliano
874 1778 952 1802 non
971 1766 1091 1802 semel
1113 1764 1157 1802 fit
1177 1764 1350 1802 mentio:
1381 1769 1421 1802 et
1440 1763 1601 1813 quidem
1616 1763 1668 1801 ita
1683 1770 1726 1802 ut

270 1826 356 1863 libri
379 1825 539 1863 secundi
560 1838 645 1875 cap.
668 1825 806 1875 primo,
820 1826 984 1864 theseum
1006 1826 1117 1864 simul
1137 1825 1371 1863 mentionem
1393 1824 1525 1872 faciat,
1545 1826 1613 1864 ubi
1631 1825 1727 1863 scri-

271 1887 350 1924 bit:
383 1891 405 1907 “
427 1887 596 1936 antiquis
618 1888 691 1924 hoc
711 1887 831 1925 fuisse
855 1888 902 1924 ad
930 1887 1143 1938 augendam
1163 1888 1423 1936 eloquentiam
1444 1900 1564 1937 genus
1583 1887 1726 1926 exerci-

271 1948 443 1993 tationis,
457 1955 498 1985 ut
516 1949 643 1985 theses
660 1948 834 1986 dicerent
846 1949 934 1999 (nisi
952 1949 1051 1986 forte
1067 1948 1258 1986 discerent
1273 1948 1402 1998 potius
1419 1962 1534 1998 quam
1552 1949 1725 1988 dicerent

269 2010 450 2059 scripsit),
478 2016 516 2047 et
544 2023 769 2047 communes
794 2010 915 2055 locos,
947 2016 984 2047 et
1013 2016 1169 2055 caetera,
1201 2010 1296 2047 citra
1324 2010 1569 2060 complexum
1598 2023 1722 2049 rerum

270 2083 613 2120 personarumque,
638 2071 781 2120 quibus
802 2084 901 2109 verae
928 2071 1112 2121 fictaeque
1134 2072 1411 2109 controversiae
1435 2072 1724 2110 continentur.”

270 2132 318 2168 Et
338 2132 537 2182 aliquanto
557 2139 659 2182 post,
680 2132 729 2169 de
754 2133 851 2170 locis
876 2133 1147 2170 communibus
1168 2133 1364 2182 loquitur:
1397 2138 1422 2154 “
1443 2133 1523 2170 sive
1546 2133 1614 2183 qui
1634 2139 1723 2171 sunt

269 2193 306 2229 in
329 2193 420 2230 vitia
446 2194 596 2239 directi,
619 2194 753 2243 quales
773 2194 954 2243 leguntur
974 2207 996 2231 a
1015 2194 1207 2232 Cicerone
1227 2194 1458 2244 compositi;
1490 2207 1557 2232 seu
1580 2195 1721 2244 quibus

270 2255 502 2305 quaestiones
531 2256 762 2304 generaliter
785 2261 1014 2300 tractantur,
1037 2256 1169 2305 quales
1190 2262 1281 2293 sunt
1299 2256 1394 2293 editi
1414 2269 1437 2293 a
1456 2255 1604 2299 Quinto
1624 2269 1720 2305 quo-

268 2329 343 2366 que
366 2316 600 2353 Hortensio:
633 2323 686 2359 ut,
715 2317 824 2354 Sitne
856 2318 983 2367 parvis
1018 2317 1253 2367 argumentis
1286 2316 1545 2355 credendum:
1575 2323 1615 2354 et
1647 2329 1720 2366 pro

266 2378 446 2423 testibus,
465 2384 503 2414 et
522 2377 559 2414 in
581 2382 710 2423 testes,
732 2377 769 2415 in
793 2379 930 2417 mediis
949 2378 1072 2416 litium
1094 2378 1272 2416 medullis
1295 2376 1531 2416 versantur.’'
1561 2376 1718 2420 Quibus

254 2438 492 2487 subjungit:
525 2443 548 2459 “
570 2451 673 2475 arma
695 2440 779 2477 liaec
800 2454 884 2478 esse
905 2440 1194 2491 quodammodo
1216 2438 1468 2489 praeparanda
1488 2450 1655 2488 semper,
1675 2445 1719 2477 ut

267 2500 418 2549 aliquis,
436 2512 553 2549 quum
575 2513 634 2537 res
651 2508 803 2550 poscet,
820 2502 875 2538 his
894 2501 1061 2539 utatur.''
1091 2501 1179 2539 Non
1201 2501 1339 2538 dubito
1359 2506 1486 2537 autem
1504 2499 1598 2549 quin
1619 2500 1717 2538 tales

266 2564 373 2600 locos
395 2562 504 2600 valde
524 2570 613 2613 apte
633 2577 678 2601 ex
699 2571 829 2601 nostro
852 2565 1020 2603 Isocrate
1041 2565 1342 2616 ἐπαμφοτερίζειν
1360 2563 1491 2601 dicere
1511 2563 1727 2613 possimus..

268 2625 329 2662 Fit
354 2630 479 2660 autem
504 2624 713 2662 eorundem
741 2625 789 2662 ab
817 2625 954 2663 eodem
977 2627 1119 2664 mentio
1149 2637 1237 2663 cum
1262 2624 1355 2662 alibi
1381 2630 1462 2661 tum
1484 2623 1559 2668 hic,
1583 2624 1646 2661 ubi
1670 2625 1717 2662 li-

267 2685 382 2723 brarii
403 2684 515 2722 fidem
539 2692 756 2735 suspectam
783 2686 908 2724 habeo
929 2688 1011 2737 (lib.
1033 2688 1097 2736 xii.
1116 2699 1202 2736 cap.
1224 2688 1279 2733 8.)
1319 2685 1345 2707 “
1366 2685 1483 2730 Nam,
1507 2690 1547 2722 ut
1568 2691 1714 2723 taceam

265 2745 423 2796 (inquit)
440 2746 488 2783 de
509 2747 806 2796 negligentibuS‚
831 2761 992 2797 quorum
1015 2749 1108 2786 nihil
1130 2748 1246 2785 refert
1261 2747 1325 2784 ubi
1347 2746 1471 2784 litium
1489 2745 1609 2783 cardo
1629 2759 1714 2784 ver-

265 2816 381 2854 tatur,
397 2808 489 2846 dum
506 2808 592 2853 sint,
611 2822 699 2858 quae
719 2810 777 2847 vel
796 2817 904 2847 extra
924 2824 1075 2849 causam
1097 2823 1142 2848 ex
1163 2809 1336 2860 personis
1355 2821 1400 2846 ac
1419 2809 1614 2846 communi
1636 2815 1714 2847 tra-

266 2877 372 2909 ctatu
392 2870 566 2907 locorum
588 2870 829 2908 occasionem
850 2872 1040 2910 clamandi
1064 2871 1292 2922 largiantur:
1323 2869 1474 2919 aliquos
1494 2875 1533 2907 et
1549 2869 1712 2908 ambitio

267 2932 452 2984 pervertit
467 2932 566 2971 etc.”
607 2933 745 2982 Neque
765 2934 865 2971 enim
884 2934 1020 2972 dubito
1041 2934 1132 2984 quin
1150 2945 1222 2983 pro
1243 2932 1315 2976 his,
1336 2931 1526 2969 communi
1545 2935 1715 2970 tractatu
