1924 3314
500 657 831 707 HENRICI
880 614 1264 705 STEPHANI

394 773 520 826 IN
615 768 1372 826 ISOCRATEM

680 884 1081 928 DIATRIBAE.

818 1011 945 1020 —

213 1094 481 1132 FACTURUM
505 1107 565 1132 me
595 1107 674 1132 rem
708 1094 822 1132 vobis
849 1100 995 1143 gratam
1029 1092 1175 1142 putavi,
1196 1092 1231 1129 si
1250 1091 1403 1142 aliquot
1422 1089 1610 1127 Diatribis

159 1168 279 1194 meam
301 1154 350 1193 de
371 1155 499 1192 multis
533 1155 581 1192 ad
609 1155 814 1193 lectionem
843 1156 1028 1193 librorum
1057 1154 1243 1192 Isocratis
1271 1152 1557 1204 pertinentibus
1575 1156 1615 1188 et

158 1216 466 1261 conferentibus,
484 1229 574 1266 quae
595 1216 644 1254 ab
666 1217 708 1254 iis
729 1222 1015 1267 proponuntur,
1032 1228 1242 1266 earumque
1265 1222 1354 1252 sunt
1373 1219 1613 1263 argumenta,

155 1277 386 1316 sententiam
408 1290 655 1327 exponerem.
713 1278 867 1315 Rationi
896 1283 1026 1315 autem
1057 1282 1360 1315 consentaneum
1382 1273 1612 1318 existimavi,

159 1340 339 1391 primum,
356 1338 441 1389 quis
457 1345 559 1376 esset
576 1339 687 1390 primi
701 1339 804 1384 libri,
822 1339 882 1377 vel
899 1339 1029 1389 potius
1049 1338 1185 1383 libelli,
1200 1344 1354 1383 auctor,
1377 1336 1614 1386 disquirere:

159 1399 375 1453 praesertim
396 1413 513 1448 quum
542 1400 636 1439 satis
663 1413 829 1447 nossem,
849 1414 896 1438 ex
922 1400 1106 1438 Isocratis
1125 1399 1339 1438 lectoribus
1360 1398 1422 1435 vix
1449 1396 1616 1435 centesi-

159 1475 264 1499 mum
285 1474 466 1512 quenque
480 1462 576 1500 scire
592 1467 671 1500 tres
685 1462 895 1512 scriptores
914 1461 1032 1500 fuisse
1049 1461 1116 1512 qui
1134 1474 1274 1499 nomen
1289 1460 1386 1498 illud
1406 1460 1595 1498 haberent
1607 1473 1618 1495 z

159 1530 198 1560 et
218 1521 344 1571 magni
366 1528 493 1560 tamen
521 1523 664 1561 referre
679 1522 916 1572 judicarem,
937 1530 1072 1561 notum
1097 1523 1308 1574 unicuique
1329 1535 1413 1560 esse
1431 1521 1613 1572 quisnam

160 1584 208 1622 sit
227 1583 340 1633 cujus
360 1584 497 1622 librum
524 1585 563 1623 in
591 1599 724 1623 manus
746 1586 875 1632 sumit,
895 1592 932 1623 et
965 1585 1039 1623 sibi
1065 1585 1289 1637 magistrum
1310 1584 1470 1635 deligit:
1500 1590 1617 1636 atque

161 1645 235 1682 hoc
256 1644 468 1694 praesertim
502 1657 578 1682 non
602 1645 782 1694 ignorari,
813 1660 982 1696 quonam
1004 1646 1035 1684 is
1054 1647 1200 1685 saeculo
1215 1646 1362 1685 vixerit.
1420 1646 1479 1683 Ex
1499 1645 1618 1695 hujus

161 1706 261 1743 enim
285 1705 337 1742 rei
358 1705 598 1755 ignoratione
619 1707 656 1743 in
678 1720 835 1757 magnos
852 1708 990 1757 aliquis
1011 1721 1159 1746 errores
1179 1708 1351 1746 incidere
1371 1707 1508 1758 possit.
1539 1705 1615 1744 Sed

160 1765 254 1816 quid
277 1766 424 1811 mirum,
445 1772 522 1803 tam
539 1767 683 1804 multos
703 1768 758 1804 illi
779 1769 903 1818 primo
923 1775 962 1806 et
975 1769 1229 1806 celeberrimo
1250 1768 1431 1819 scriptori
1451 1766 1619 1806 Isocrati

159 1828 261 1865 illam
291 1827 341 1865 ad
369 1827 627 1867 Demonicum
657 1828 879 1866 Paraenesin
907 1829 1006 1866 falso
1027 1829 1266 1876 adscribere,
1297 1842 1387 1879 quae
1419 1833 1528 1865 tanta
1548 1827 1620 1865 do-

161 1891 290 1927 ctrina
310 1895 471 1938 tamque
497 1890 719 1928 salubribus
739 1891 950 1940 praeceptis
978 1890 1121 1928 referta
1141 1897 1198 1928 est
1220 1897 1261 1928 ut
1282 1890 1343 1927 vel
1362 1890 1427 1927 illo
1448 1890 1622 1927 Isocrate

162 1950 281 2001 digna
318 1949 439 1987 videri
475 1957 604 2000 queat,
631 1964 753 2001 quum
789 1952 890 1988 inter
922 1951 1056 1988 Latina
1091 1952 1237 2002 scripta
1269 1964 1353 1988 esse
1387 1957 1465 1987 tam
1501 1950 1622 1987 multa

164 2011 507 2063 pseudepigrapha
521 2012 731 2057 videamus,
753 2018 792 2049 et
809 2011 967 2061 quidem
990 2012 1044 2049 ita
1064 2018 1106 2049 ut
1127 2025 1261 2049 eorum
1280 2011 1434 2049 nomina
1456 2011 1624 2061 scripto-

163 2087 245 2111 rum
279 2073 529 2119 mentiantur,
557 2086 645 2110 cum
680 2073 820 2123 quibus
846 2086 922 2111 non
945 2073 1070 2111 solum
1099 2073 1249 2123 indigni
1279 2078 1368 2111 sunt
1401 2073 1466 2123 qui
1488 2072 1566 2110 ulla
1585 2072 1623 2110 in

163 2140 273 2185 parte
287 2132 561 2184 conferantur,
581 2134 649 2172 sed
672 2147 839 2184 quorum
864 2135 1008 2172 mentio
1030 2148 1117 2172 cum
1141 2135 1291 2172 illorum
1313 2134 1509 2172 mentione
1527 2146 1623 2171 con-

154 2197 363 2247 jungatur.
407 2198 540 2246 Atque
572 2203 613 2234 ut
642 2195 691 2235 de
726 2196 792 2233 illo
824 2195 964 2247 putido
998 2196 1270 2234 historicorum
1295 2209 1426 2246 grege,
1447 2200 1620 2233 veterum

165 2258 323 2297 nomina
350 2259 690 2310 impudentissime
725 2257 937 2295 mentiente
967 2259 1063 2308 (quo
1086 2258 1121 2295 in
1143 2270 1258 2308 grege
1279 2269 1354 2294 non
1386 2255 1545 2294 ultimus
1566 2261 1625 2293 est

165 2321 349 2370 Berosus)
367 2329 513 2359 taceam
531 2335 541 2358 :
572 2333 698 2358 nonne
718 2319 862 2357 saeculo
882 2325 1015 2357 nostro
1036 2318 1148 2356 valde
1168 2318 1393 2368 pudendum
1414 2324 1486 2363 est,
1507 2329 1627 2367 quos-

165 2382 253 2428 dam
275 2383 342 2432 qui
359 2387 448 2420 ante
467 2381 662 2419 ducentos
681 2387 747 2419 aut
766 2381 919 2419 circiter
939 2393 1058 2417 annos
1088 2379 1284 2426 vixissent,
1312 2379 1460 2430 quique
1484 2376 1628 2417 versifi-

166 2450 338 2481 catornm
361 2443 516 2481 titulum
538 2442 601 2480 vix
617 2449 867 2488 mererentur,
887 2455 960 2492 pro
980 2442 1179 2479 veteribus
1194 2442 1320 2492 poetis
1339 2454 1423 2479 esse
1446 2440 1627 2478 habitos‘l

167 2504 278 2548 Quid
296 2505 438 2542 saeeulo
459 2510 593 2541 nostro
613 2503 718 2550 dico,
751 2515 868 2554 quum
891 2503 938 2540 de
960 2516 1015 2548 re,
1035 2515 1151 2553 quam
1173 2509 1211 2541 et
1228 2515 1354 2554 nuper
1373 2514 1506 2539 omnes
1527 2500 1630 2539 vide·

166 2573 269 2612 runt,
290 2565 456 2616 loquar?
483 2566 615 2609 Quum
635 2566 737 2603 enim
756 2565 869 2603 etiam
897 2575 1020 2614 nuper
1040 2570 1099 2602 tot
1119 2564 1313 2602 editiones
1332 2562 1628 2615 typographicae

165 2627 385 2665 immundos
405 2626 492 2664 illos
513 2634 552 2664 et
573 2627 786 2664 lutulentos
818 2625 1048 2664 Maximiani
1069 2638 1201 2663 versus
1228 2638 1301 2676 pro
1321 2622 1496 2663 Cornelii
1518 2620 1630 2660 Galli

165 2689 298 2738 elegiis
339 2689 456 2726 nobis
500 2687 677 2725 certatim
710 2687 978 2734 obtruderent,
1016 2686 1328 2737 quotusquisque
1357 2698 1378 2724 e
1413 2682 1626 2723 lectoribus

166 2749 297 2788 fucum
318 2750 390 2787 sibi
413 2749 495 2787 fieri
515 2747 880 2787 animadvertebat?

220 2811 314 2858 Sed,
335 2823 384 2849 ne
405 2810 521 2861 hujus
540 2811 598 2848 rei
617 2810 763 2848 mentio
783 2823 805 2848 a
822 2808 963 2847 nostris
982 2808 1222 2847 Isocratibus
1242 2807 1393 2859 longius
1413 2819 1484 2844 nos
1503 2804 1630 2843 abdu-

168 2879 246 2920 cat,
267 2874 345 2911 hoc
370 2873 529 2924 quidem
551 2879 662 2912 extra
678 2871 980 2910 controversiam
1003 2878 1076 2918 est,
1097 2871 1374 2909 Atheniensem
1390 2869 1511 2911 illum,
1531 2866 1631 2905 adeo

169 2947 190 2972 a
209 2935 365 2974 Graecis
396 2935 622 2987 Latinisque
649 2934 903 2981 celebratum,
935 2939 1141 2980 oratorem,
1175 2938 1214 2971 et
1237 2932 1307 2984 qui
1338 2931 1511 2970 omnium
1536 2927 1629 2966 scri-

168 3002 323 3045 ptorum
355 2997 508 3048 primus
529 2997 604 3035 hoc
633 2995 789 3034 nomine
809 2994 1002 3034 exstitisse
1023 2994 1276 3040 existimatur,
1304 2998 1505 3031 auctorem
1527 2989 1630 3027 illius

879 3067 902 3092 c
