1914 3314
248 195 330 236 328
802 189 1126 231 BERGMANI

249 309 287 344 ἑν
314 308 455 353 ἐξουσίᾳ
482 304 622 352 διάγειν
642 305 806 359 μεγάλῃ,
830 310 906 346 τοῖς
934 305 961 342 δ’
981 304 1138 345 ἰδιώταις
1162 303 1272 353 μηδὲν
1291 304 1422 348 ἐξεῖναι
1449 308 1566 340 ποιεῖν
1591 300 1626 344 ὅ,
1645 313 1680 337 τι

250 371 296 407 ἂν
314 369 348 405 οἱ
374 370 478 417 νόμοι
497 367 673 405 κωλύωσι·
694 372 876 418 καρτερεῖν
898 366 933 403 δὲ
953 368 998 403 τοὶ
1019 365 1136 410 ἕεινεί,
1158 366 1217 402 καὶ
1237 367 1286 415 μὴ
1309 364 1579 410 ἐκπλήττεσθαι
1596 368 1680 405 ταῖς

251 433 466 478 συμφοραῖς.

303 489 401 526 Haec
429 489 504 526 ille.
560 488 643 525 Nos
668 500 791 537 pauca
817 487 1068 537 adjungamus
1089 487 1138 523 de
1165 486 1379 535 argumenti
1408 484 1597 522 tractandi
1621 496 1680 520 ra-

252 550 367 595 tione,
387 551 464 587 sive
484 549 533 587 de
551 562 610 595 ea,
635 561 751 599 quam
765 549 1055 599 dispositionem
1075 548 1211 586 dicunt
1231 547 1434 584 Rhetores.

305 612 364 649 De
387 611 568 656 Exordio,
589 611 693 659 quod
720 614 750 657 ξ.
779 610 817 646 ε’.
844 610 1036 659 prioribus
1061 610 1290 653 continetur,
1316 620 1403 644 vere
1432 606 1684 656 utiquejudi-

253 672 355 711 cavit
371 671 532 709 Wolfius
551 671 598 708 ad
617 671 730 708 verba
751 670 838 718 §.13st
859 673 917 707 καὶ
934 672 1030 708 ταῦτ’
1045 672 1187 712 εἰκότως
1201 671 1258 706 καὶ
1274 674 1444 718 ποιοῦμεν
1464 669 1523 704 καὶ
1541 666 1686 716 πάσχο-

253 749 333 785 μεν.
380 736 390 752 ‘
413 732 513 776 Quia
532 733 688 782 (inquit)
711 731 813 782 apud
839 731 1105 782 Areopagitas,
1128 744 1252 780 neque
1278 730 1444 767 exordiis
1473 728 1541 772 uti,
1563 740 1688 776 neque

254 807 407 832 movere
426 793 587 831 affectus
611 793 768 839 licebat,
787 794 825 830 in
853 794 927 830 hoc
949 793 1138 842 principio
1158 805 1232 829 non
1254 803 1484 842 magnopere
1507 796 1690 827 curantur

255 862 452 906 praecepta
475 854 731 892 exordiorum.
790 855 869 891 Etsi
891 854 990 891 enim
1014 852 1087 890 loci
1116 854 1392 891 benevolentiae
1412 859 1451 890 et
1469 849 1692 889 attentionis

256 917 394 966 passim
423 917 462 953 in
494 929 541 953 eo
574 922 823 965 sparguntur:
853 915 1148 966 reprehensione
1178 921 1305 953 tamen
1337 926 1472 963 magna
1504 926 1550 950 ex
1584 918 1692 962 parte

258 983 422 1015 constat.
477 977 644 1014 Primum
667 982 886 1014 recensetur
912 976 1032 1013 inanis
1056 975 1197 1013 fiducia
1225 975 1516 1012 Atheniensium
1546 974 1594 1020 (ξ.
1615 972 1690 1019 α’.).

259 1038 409 1076 Deinde
441 1038 669 1083 ostenditur,
697 1043 737 1074 ut
762 1037 895 1074 felices
925 1043 964 1074 et
993 1043 1169 1086 potentes
1199 1049 1327 1073 revera
1356 1041 1496 1079 essent,
1526 1033 1692 1071 fortunae

258 1106 386 1137 tamen
407 1112 482 1136 non
503 1112 584 1136 esse
609 1097 819 1143 fidendum,
840 1098 1024 1148 exemplis
1051 1098 1228 1135 adductis
1247 1100 1294 1144 (ξ.
1313 1098 1359 1134 α’.
1379 1095 1428 1143 β’.
1451 1095 1529 1144 γ’.).
1559 1094 1692 1132 Tertio

259 1160 347 1198 loco
366 1166 480 1209 negat
499 1172 566 1196 eos
583 1172 664 1196 esse
684 1159 925 1196 fortunatos:
955 1172 999 1196 ac
1017 1159 1141 1208 potius
1159 1159 1195 1195 in
1217 1158 1391 1208 periculo
1407 1156 1640 1194 constitutos
1654 1167 1694 1193 re

262 1222 357 1258 male
377 1228 484 1270 gesta
508 1221 742 1257 demonstrat
760 1223 807 1268 (ξ.
830 1220 900 1267 δ’.).
930 1220 1043 1256 Nunc
1071 1226 1208 1268 quarto
1235 1219 1323 1256 loco
1350 1220 1584 1265 αἰτιολογίαν
1610 1215 1696 1253 sub-

255 1283 343 1332 jicit
363 1281 636 1327 calamitatum,
657 1294 778 1330 eaque
800 1283 945 1318 ratione
965 1280 1165 1318 commode
1185 1280 1232 1317 ad
1256 1279 1558 1330 propositionem
1582 1290 1695 1315 acce-

261 1345 341 1382 dit:
362 1343 622 1393 corrigendam
641 1350 679 1380 et
698 1342 944 1380 ordinandam
962 1357 1043 1381 esse
1059 1343 1324 1391 reipublicam,
1340 1341 1444 1391 quod
1466 1339 1697 1377 labefactata

263 1405 464 1455 disciplina
493 1412 532 1442 et
559 1405 798 1454 superiorum
828 1404 1087 1442 calamitatum
1117 1417 1232 1442 causa
1261 1403 1394 1440 fuerit:
1425 1407 1463 1439 et
1492 1401 1562 1439 nisi
1588 1413 1633 1438 ea
1659 1401 1698 1438 in

263 1468 450 1516 integrum
471 1467 705 1511 restituatur,
727 1466 888 1514 majores
908 1466 1156 1516 impendeant
1174 1468 1222 1513 (ξ.
1242 1465 1281 1501 ε’.
1301 1464 1344 1501 ς’.
1365 1463 1451 1511 ζ’.).’

317 1528 526 1566 Exordium
547 1534 585 1564 et
605 1528 905 1577 propositionem
926 1527 1069 1577 excipit
1089 1527 1207 1576 ipsius
1227 1525 1453 1575 Argumenti
1474 1524 1627 1576 proprie
1648 1524 1701 1561 ita

264 1591 368 1628 dicta
385 1590 637 1627 Pertractatio
658 1594 840 1626 constans
861 1590 1150 1639 comparatione
1167 1589 1305 1626 veteris
1327 1587 1509 1638 Reipubl.
1529 1587 1659 1624 formae
1679 1599 1702 1623 a

265 1654 405 1691 Solone
425 1660 463 1689 et
483 1651 678 1688 Clisthene
699 1650 919 1688 constitutae
940 1664 1026 1688 cum
1047 1663 1104 1696 ea,
1122 1663 1209 1700 quae
1230 1649 1348 1699 ipsius
1364 1656 1478 1686 aetate
1498 1648 1702 1694 obtineret,

265 1714 353 1751 inde
369 1726 390 1750 a
407 1717 436 1760 ξ.
450 1710 543 1757 ζ’-
559 1711 630 1759 κβᾜ
661 1712 830 1749 Primum
849 1713 896 1749 de
917 1711 1077 1749 civitatis
1099 1711 1375 1749 constitutione
1389 1710 1560 1747 universe
1577 1709 1702 1759 loqui-

265 1782 339 1820 tur,
362 1779 392 1823 ξ.
412 1775 441 1821 η’
457 1797 508 1802 ——
523 1771 558 1812 ι’.
588 1773 740 1811 Deinde
761 1774 809 1811 ad
835 1773 1000 1824 singulas
1020 1772 1103 1821 ejus
1131 1778 1272 1822 parteS,
1293 1779 1332 1808 et
1353 1771 1443 1808 vitae
1464 1770 1703 1820 quotidianae

266 1837 586 1876 consuetudinem
608 1836 755 1882 transit,
777 1835 930 1885 agitque
951 1848 1037 1872 cum
1055 1834 1102 1871 de
1119 1835 1226 1871 cultu
1246 1833 1404 1870 deorum
1427 1836 1456 1880 ξ.
1481 1833 1542 1868 ια’.
1558 1839 1639 1870 tum
1656 1831 1704 1869 de

266 1900 450 1938 ditiorum
471 1898 819 1949 pauperiorumque
848 1904 976 1934 mutua
1002 1896 1283 1934 necessitudine
1303 1901 1341 1932 et
1361 1894 1567 1932 concordia
1588 1897 1618 1940 ξ.
1640 1891 1705 1939 ιβ’.

268 1970 349 2000 tum
367 1961 495 2006 etiam,
515 1972 668 1997 causam
690 1959 741 1996 rei
760 1971 955 2008 exponens
977 1962 1006 2005 ξ.
1027 1956 1091 2006 ιγ’.
1109 1957 1158 1994 de
1178 1957 1385 1994 liberorum
1406 1955 1646 1994 institutione
1668 1960 1707 1992 et

269 2023 481 2061 honestatis
500 2034 591 2060 cura
613 2020 805 2071 Areopagi
830 2019 990 2057 Senatui
1014 2019 1204 2064 mandata,
1226 2018 1272 2056 de
1301 2017 1412 2066 cujus
1443 2017 1608 2054 Senatus
1631 2014 1708 2053 lau-

272 2084 400 2129 dibus,
427 2082 785 2133 sapientissimoqne
811 2081 894 2130 ejus
924 2080 1150 2118 instituendi
1179 2080 1367 2129 majorum
1397 2077 1572 2122 consilio,
1591 2082 1628 2114 et
1657 2076 1705 2114 ad

271 2147 472 2184 honestam
493 2145 580 2182 vitae
606 2143 791 2181 rationem
817 2142 1052 2187 servandam,
1075 2149 1113 2179 et
1141 2142 1187 2178 ad
1218 2140 1365 2178 scelera
1393 2137 1641 2189 praevidenda
1667 2143 1707 2175 et

272 2207 512 2258 occupanda,
533 2212 569 2243 et
589 2205 637 2243 ad
659 2217 770 2242 omne
790 2204 983 2242 commodi
1004 2215 1124 2254 genus
1151 2202 1296 2240 civitati
1317 2200 1569 2247 afferendum,
1598 2199 1707 2236 dein-

272 2281 364 2317 ceps
390 2280 510 2318 usque
536 2267 583 2304 ad
611 2270 641 2314 ξ.
663 2264 733 2313 κβ.
763 2266 816 2303 ita
841 2264 1006 2310 disserit,
1032 2270 1076 2302 ut
1101 2263 1252 2301 Solonis
1278 2261 1555 2313 rempublicam
1587 2261 1710 2299 oculis

275 2329 384 2378 quasi
405 2341 557 2367 cernere
578 2328 650 2365 tibi
671 2327 847 2365 videaris.

328 2390 387 2427 De
423 2391 494 2427 hac
526 2396 653 2427 autem
685 2389 885 2439 utriusque
919 2387 1099 2438 Reipubl.
1135 2386 1269 2424 formae
1303 2385 1592 2436 comparatione
1622 2389 1710 2422 ante

275 2451 404 2489 omnia
424 2452 496 2489 hoc
517 2451 723 2488 tenendum
740 2458 811 2497 est,
828 2452 865 2487 in
881 2462 924 2487 ea
940 2449 992 2487 ita
1006 2449 1145 2486 versari
1166 2449 1393 2492 Isocratem,
1417 2453 1459 2485 ut
1478 2447 1514 2484 in
1535 2446 1713 2484 laudibus

275 2512 463 2559 majorum
488 2512 735 2561 reprehensio
756 2525 832 2549 suae
859 2510 997 2555 aetatis,
1017 2509 1054 2547 in
1076 2509 1187 2558 hujus
1213 2507 1508 2560 reprehensione
1528 2507 1610 2545 laus
1633 2518 1712 2544 ma-

270 2572 400 2621 jorum
421 2580 618 2615 cernatur;
651 2573 742 2618 sive,
761 2579 804 2611 ut
823 2572 905 2610 aliis
927 2572 1053 2610 verbis
1074 2578 1171 2618 utar,
1191 2571 1414 2620 plerumque
1434 2582 1516 2607 eam
1536 2575 1712 2606 constare

277 2635 636 2673 commemoratione
656 2636 846 2682 vitiorum,
865 2635 1004 2686 quibus
1017 2634 1082 2672 illa
1102 2641 1263 2679 careret,
1282 2645 1449 2683 praesens
1467 2638 1713 2682 premeretur,

277 2703 317 2735 et
342 2697 598 2748 praedicandis
626 2697 830 2735 virtutibus
863 2697 1063 2747 bonisque,
1085 2697 1224 2746 quibus
1251 2696 1315 2733 illa
1342 2694 1558 2732 abundaret
1585 2699 1623 2731 et
1648 2706 1714 2731 ex-

279 2757 447 2803 celleret,
465 2757 548 2795 haec
565 2765 725 2795 careret.
783 2759 1064 2796 Animadvertit
1085 2758 1158 2796 hoc
1173 2758 1255 2807 jam
1277 2757 1442 2794 omnium
1462 2755 1714 2805 interpretum

279 2820 436 2870 primus,
457 2827 572 2869 atque
594 2819 694 2857 haud
717 2819 796 2857 scio
816 2833 862 2857 an
884 2821 1062 2870 princeps
1082 2819 1283 2864 dicendus,
1304 2816 1480 2862 Wolfius,
1503 2818 1646 2854 Annot.
1666 2815 1714 2853 ad

282 2881 430 2919 initium
450 2884 480 2929 ξ.
502 2880 546 2927 η’.
567 2881 600 2918 οἱ
621 2884 696 2932 γάρ
716 2884 792 2920 κατ’
809 2882 944 2920 ἐκεῖνον
962 2883 1024 2920 τὸν
1042 2883 1181 2932 χρόνον
1201 2895 1231 2917 κ.
1249 2896 1282 2918 τ.
1301 2883 1338 2917 λ.
1369 2884 1380 2899 ‘
1401 2877 1622 2928 Descriptio
1642 2876 1716 2925 (in-

284 2943 384 2993 quit)
401 2942 537 2982 veteris
557 2942 798 2993 laudataeque
825 2944 991 2995 reipubl.
1013 2946 1088 2982 xar’
1109 2945 1304 2993 ἀφαίρεσιν
1330 2942 1388 2978 καὶ
1407 2939 1514 2979 θέσιν
1539 2945 1716 2977 tractata.
