1914 3314
274 207 377 259 372
758 208 1239 252 ΙΣΟΚΡΑΤΟΥΣ

272 342 486 384 καΤέιχΟν
512 341 611 376 70ος
634 319 845 422 πολίταςΙ
855 343 932 371 καί
960 327 1060 376 Ταῖς
1080 341 1305 409 Τίμωρῦαίς
1321 341 1398 369 'dm
1412 340 1514 375 Ταῖς
1538 338 1690 384 ἔπ’-ἅμε-

271 391 424 449 λείοιις·
472 414 678 444 rocon-rou
710 392 800 466 *γάρ

828 391 969 444 1’ἔδεον
992 413 1150 449 αυτους
1174 389 1403 442 λανθανειν
1427 391 1464 441 οἷ
1488 413 1633 441 κακον
1647 413 1691 440 τι

274 463 541 555 δεδρακότες,
569 463 673 524 ὦςτε
713 467 791 517 καὶ
828 489 929 524 τους
970 462 1189 529 επιὸὄξους
1225 461 1634 555 οἷμοιξτᾖσεσ-ἓοιί’2
1642 486 1690 513 τι

273 537 610 625 wponffffi'oe‘asovro.
635 563 860 624 T'Ol‘yoepOUll
886 562 962 590 Ουκ
987 563 1024 590 εν
1045 547 1133 596 Τοῖς
1150 535 1439 624 sffmeoecpswtg
1456 536 1492 588 Οἱ
1507 558 1692 626 yfiwffieol
1710 562 1731 586 c

274 609 495 686 δὸἒτξίςθν,
536 610 676 663 OUB’²
659 636 699 663 fil!
733 636 834 670 Ταις
868 627 1141 686 αυλητρίσίν,
1168 608 1305 663 ΟυὸΗ
1289 634 1329 662 ἓν
1367 634 1457 668 ΤΟις
1490 633 1695 667 Tocourocg

338 706 521 738 1ἔδέονϊοΑ.
537 709 573 739 C.
590 710 626 738 L.

272 784 329 820 xit,
345 784 467 823 praemio
479 790 507 813 et
524 783 644 822 poena.”
685 784 805 814 Laudat
814 783 965 813 Meursins

274 827 304 855 in
319 827 382 865 Sol.
398 827 433 856 C.
450 827 583 856 XXIX.
628 828 676 856 De
698 827 782 866 τιμῇ,
804 836 871 865 quae
894 836 966 864 pars

276 874 351 904 erat,
361 871 410 902 τῆς
421 867 583 908 ἐπιμελείας
599 869 642 898 uti
655 869 684 898 h.
701 870 721 898 Ι.
734 869 858 903 dicitur,
874 878 966 907 supra

273 913 333 950 jam
349 912 480 941 vidimus
495 911 522 950 §
538 911 572 941 θ’.
593 917 623 940 et
638 912 677 941 cf.
691 911 767 941 iufra
783 912 810 950 §.
824 910 880 940 κα’.
903 912 966 940 Re-

277 953 348 983 ferri
360 954 420 983 huc
430 959 532 992 potest
546 953 678 992 Lycurgi
686 954 770 983 locus
780 954 850 982 adv,
858 954 965 982 Leocr.

278 996 304 1035 ᾗ.
321 995 358 1033 γ’.
369 995 415 1026 δύο
427 997 480 1035 γάρ
490 995 554 1025 ἔστι
572 999 612 1026 τὸ.
625 995 797 1027 Ιιπαιδεύονιιτι.
812 996 877 1028 τοὺς
888 994 967 1029 νέους,

277 1037 292 1068 ἦ
302 1049 333 1068 τε
340 1040 393 1067 τῶν
401 1038 561 1068 ἀδικούντων
568 1038 702 1078 τιμωξία,
708 1039 754 1067 καὶ
767 1040 781 1069 ἦ
791 1039 851 1071 τοῖς
859 1037 968 1076 ἀνδράσι

279 1082 338 1114 τοῖς
352 1079 466 1117 ἀγαθοῖς
480 1080 605 1121 δεδομένη
620 1081 713 1120 δωρεά·
729 1080 794 1119 πρὸς
808 1080 931 1118 ἑκάτερον
941 1078 969 1108 δὲ

280 1122 384 1152 τούτων
400 1122 620 1158 ἀποβλέποντες,
635 1125 682 1153 τήν
694 1122 748 1161 μὲν
763 1123 808 1152 δια
828 1122 874 1151 τὸν
889 1122 971 1161 φόβον

281 1209 385 1238 lnam.

322 1251 467 1289 Τοιγαξοῦν
479 1251 527 1280 οἰκ
543 1249 569 1279 ἐν
580 1251 640 1283 τοῖς
660 1247 824 1288 σκιραφείοις
837 1261 865 1284 κ,
883 1261 912 1278 τ.
924 1248 971 1288 λ.]

281 1291 393 1322 Gravis
405 1298 451 1322 est
462 1293 688 1322 Atheniensium
703 1293 907 1331 reprehensio,
921 1293 973 1329 qui

281 1339 436 1375 tantopere
456 1346 473 1364 a
487 1338 631 1374 majorum
651 1336 815 1364 severitate
830 1339 860 1364 et
879 1334 972 1363 conti·

282 1377 382 1406 nentia
409 1377 609 1413 desciverant,
640 1382 671 1407 ut
706 1377 847 1407 Isocratis
883 1381 972 1405 aetate

282 1421 379 1450 omnis
399 1421 517 1458 generis
536 1419 757 1449 incontinentiae
778 1425 808 1448 et
829 1418 973 1451 lasciviae,

282 1472 376 1500 prava
385 1469 538 1500 parentum
547 1462 742 1500 indulgentia,
752 1462 898 1502 juventus
909 1471 974 1489 sese

282 1505 423 1534 traderet.
461 1506 590 1535 Gravius
605 1506 693 1534 etiam
708 1505 737 1533 in
749 1505 832 1533 Orat.
847 1504 885 1532 de
901 1504 975 1532 Per-

283 1551 357 1577 mut.
383 1546 485 1585 §.2152
498 1548 517 1565 ³⁸
529 1546 582 1587 κζ’.
612 1549 651 1576 de
676 1547 815 1585 neglectu
844 1546 974 1574 omnium

285 1599 386 1618 eorum
401 1590 580 1624 studiorum,
597 1600 664 1627 quae
678 1588 764 1617 bonis
781 1587 900 1617 civibus
916 1588 976 1617 for-

284 1632 401 1660 mandis
416 1631 607 1666 inservirent,
631 1637 767 1670 questus,
794 1631 889 1665 hisce,
910 1640 975 1669 quae

285 1673 340 1702 toti
365 1673 433 1702 huic
452 1673 518 1702 loco
542 1674 626 1712 qnasi
652 1673 857 1703 commentarii
881 1674 976 1702 instar

285 1725 353 1744 esse
377 1721 511 1754 possunt,
530 1716 559 1745 in
589 1726 659 1745 suos
684 1715 855 1745 invehitur:
878 1714 976 1753 ἀφ’ὦν

285 1759 366 1796 ὑμεῖς
375 1759 459 1788 πολὺν
471 1758 517 1788 ἤδη
525 1758 616 1799 χρόνον
626 1758 798 1788 ἀπελαύνετε
807 1760 871 1791 τοὺς
879 1757 975 1788 νεωτέ-

285 1812 351 1839 ρους.
366 1800 564 1842 ἀποδεχόμενοι
585 1802 648 1834 τοὺς
663 1800 758 1838 λόγους
780 1804 834 1830 τῶν
854 1801 975 1833 διαβαλ-

285 1842 385 1872 λόντων
398 1845 446 1874 τὴν
456 1844 584 1874 τοιαύτην
594 1842 727 1873 παιδείαν·
739 1843 786 1872 καὶ
800 1844 852 1882 γάς
865 1854 906 1872 τοι
923 1854 975 1873 πε·

288 1885 422 1915 ποιῆκατε
441 1887 505 1919 τοὺς
521 1886 576 1925 μὲν
596 1885 824 1920 ἐπιεικεστάτους
840 1886 930 1915 αὐτῶν
949 1885 975 1916 ἐν

287 1927 382 1962 πότοις
401 1928 448 1958 καὶ
463 1928 617 1962 συνουσίαις
632 1928 678 1957 καὶ
694 1928 842 1968 ῥᾳθυμίαις
854 1927 901 1957 καῖ
922 1934 974 1956 λα-

285 1968 385 2007 γνείαις
394 1972 443 2001 τῆν
449 1971 553 2001 ἡλικίαν
560 1971 670 2008 διάγειν,
679 1971 875 2008 ἀμελήσαντες
884 1970 974 2009 (ἆμε-

286 2012 431 2047 λήσαντας
449 2023 465 2042 e
485 2015 562 2050 οοιιί.
578 2013 673 2042 edidit
688 2012 785 2041 Orell.
786 2012 801 2051 )
814 2013 863 2040 τοῦ
878 2023 974 2041 emov-

286 2054 404 2094 δάζειν“
388 2066 462 2089 οπως
483 2054 592 2085 ἔσονται
612 2052 747 2087 Βελτίους·
768 2055 831 2086 τοὺς
846 2053 873 2082 δὲ
894 2053 955 2094 χὲἶξ
957 2067 977 2083 ω

287 2099 335 2128 τὴν
356 2097 437 2135 φύσιν
448 2097 588 2150 {xOJTdG-
601 2097 627 2126 ἓν
644 2096 789 2130 τοιαύταις
813 2095 978 2130 ἀκολασίαις

289 2139 433 2191 ἡμερεύειν,
446 2139 472 2169 ἐν
482 2138 524 2173 αἷς
538 2140 662 2179 πςότεξον
675 2137 747 2169 οὐδ’·
735 2150 767 2168 αν
775 2137 882 2173 οἰκέτης
892 2137 978 2169 ἐπιει-

288 2193 335 2215 unc
348 2182 430 2216 οὖδεις
450 2181 616 2222 ετόλμησεν·
637 2183 659 2212 οἳ
679 2181 734 2221 μὲν
754 2184 809 2222 γὰς
821 2181 911 2210 αὐτῶν
929 2180 976 2211 ἐπὶ

288 2227 339 2259 τῆς
357 2223 528 2265 ἔννεακςούνου
552 2225 693 2277 ψύχουσιν
712 2223 784 2253 οινον·
805 2235 826 2253 οι
843 2223 866 2253 δ’
881 2223 906 2253 ἐν
920 2226 979 2258 τοῖς

286 2267 445 2300 καπηλείοις
460 2267 594 2298 πίνουσιν·
620 2266 701 2306 ἕτεροι
723 2266 746 2296 δ’
759 2265 785 2296 ἐν
805 2267 864 2300 τοῖς
880 2277 977 2305 σκιρα-

290 2310 371 2347 φείοις
383 2310 536 2343 κυβεύουσι·
552 2310 651 2340 πολλοι
664 2309 688 2339 δ
702 2308 728 2338 ἐν
748 2310 806 2342 τοῖς
822 2311 875 2338 τῶν
890 2308 975 2339 αὐλη-

289 2351 382 2390 τρίδων
415 2351 614 2386 διδασκαλείοις
656 2351 838 2391 διατρίβουσι.
896 2351 977 2388 Quid

290 2394 398 2423 melius
426 2401 558 2425 nostrum
591 2396 690 2425 locum
720 2395 864 2430 illustret,
890 2404 976 2433 quam

290 2437 354 2466 lnaec
370 2436 380 2465 ?
412 2437 449 2466 de
471 2438 580 2476 quibus
604 2438 676 2468 nihil
702 2438 784 2468 aliud
809 2447 977 2474 monemus,

290 2489 376 2517 quam
387 2481 433 2510 τῆν
441 2478 609 2518 ἔννεάκςουνον
617 2481 710 2510 fuisse
720 2481 830 2510 fontem
840 2480 978 2515 Athenis,

291 2522 343 2560 qui
364 2528 448 2551 antea
471 2523 636 2552 Callirrhoe
661 2523 830 2558 dicebatur,
848 2523 977 2553 testibus

290 2564 468 2602 Thucydide
484 2565 529 2594 11.
542 2567 590 2595 15.
604 2571 634 2595 et
649 2566 890 2604 Harpocratione
905 2566 934 2595 in
946 2577 976 2595 v.

290 2608 327 2636 ab
343 2607 459 2636 Orellio
473 2607 612 2642 laudatis,
624 2608 674 2646 qui
690 2609 767 2638 hunc
781 2608 901 2648 quidem
912 2608 979 2647 ipsa

290 2649 342 2679 illa
369 2651 512 2679 Isocratis
534 2650 625 2679 verba
644 2651 683 2680 ob
706 2652 811 2682 oculos
837 2651 978 2681 habuisse

292 2697 377 2731 putat
391 2703 397 2721 ε
429 2692 507 2731 quod
524 2692 549 2721 si
566 2703 667 2722 verum
691 2693 742 2728 sit,
757 2704 813 2733 pro
828 2694 934 2727 Λυσίας
955 2693 980 2723 ἐν

291 2735 334 2774 τῷ
346 2735 414 2775 περὶ
429 2736 479 2767 τῆς
492 2734 654 2767 ἀντιδόσεως
668 2735 825 2774 legendum
838 2737 897 2766 erit
913 2735 979 2766 ἰσο-

291 2778 395 2817 sted-rm,-
403 2776 428 2806 ἐν
441 2789 472 2806 τ.
487 2788 520 2808 π.
535 2789 565 2806 τ.
577 2777 606 2806 ἆ..
637 2778 783 2808 Caeterum
797 2780 900 2818 digna,
915 2789 981 2818 quae

292 2820 330 2850 iis
346 2820 502 2854 addantur,
517 2826 583 2849 sunt
596 2821 687 2850 verba
701 2821 886 2862 Theopompi
901 2822 980 2861 apud

294 2863 470 2893 Atheuaeum
483 2862 564 2892 ΧΠ.
580 2873 611 2902 p.
621 2865 695 2892 532.
710 2863 832 2894 laudata
845 2874 861 2893 a
873 2865 982 2894 Corae.

298 2906 357 2935 Hic
370 2906 470 2945 igitur,
482 2905 649 2943 discipulus
660 2905 816 2941 Isocratis,
827 2908 930 2936 eadem
948 2917 982 2936 ac

297 2949 448 2987 magister,
463 2948 501 2978 de
517 2948 754 2978 Atheniensibus
769 2954 908 2979 testatur:
932 2950 982 2978 Καὶ

297 2993 349 3030 γᾶς
369 2991 446 3022 αὐτοὶ
462 2992 556 3020 τοῦτον
570 2991 614 3020 τὸν
629 2990 723 3031 τρόπον
738 2991 813 3030 ἔζων,
831 2992 903 3022 ὥστε
919 2993 983 3026 τοὺς

809 708 1104 738 ²viom.A..C.L

1289 705 1303 725 ³
1323 705 1476 747 σκιςαφίοις
1490 706 1528 735 Α.
1543 706 1580 735 C.
1597 706 1632 735 L.

998 781 1053 821 μὲν
1067 781 1136 815 νέους
1155 780 1181 812 ἐν
1195 782 1255 815 τοῖς
1269 780 1455 821 αὐλητςιδίοις
1471 780 1519 810 και
1533 782 1619 819 παρὰ
1630 781 1697 815 ταῖς

1001 824 1122 863 ἑταίραις
1133 823 1283 866 διατρίβειν·
1293 836 1357 858 τους
1366 823 1393 854 δὲ
1402 834 1497 864 μικξον
1506 822 1605 853 ἐκείνων
1611 833 1696 862 πςεσ-

1001 867 1157 906 βυτέξους”
1144 878 1170 897 εν
1183 877 1215 896 τε
1228 868 1288 900 τοῖς
1303 866 1399 900 κύβοις
1409 877 1456 896 και
1472 877 1538 899 ταις
1552 865 1697 899 τοιαύταις

1001 909 1149 943 ἀσωτίαις·
1159 908 1204 939 τὸν
1216 909 1244 939 δὲ
1256 909 1364 948 δῆμον“’
1348 920 1464 940 απαντα
1475 906 1695 938 nazianz-am.-

1002 951 1107 982 λίσιιειν
1129 952 1167 986 εἷς
1190 954 1244 985 τὰς
1263 954 1352 985 κοινας
1372 951 1515 984 εστιίισεις
1531 949 1578 980 καὶ
1591 961 1695 990 κρεανο-

1001 993 1081 1033 μίας,
1094 993 1161 1034 &mg
1177 994 1214 1028 εἰς
1228 996 1276 1024 τὴν
1294 996 1344 1027 τῆς
1361 993 1469 1027 πόλεως
1480 992 1615 1023 διοίκησιν.
1637 993 1695 1031 Ly-

1003 1037 1062 1066 sias
1070 1038 1141 1066 item
1152 1047 1205 1075 pro
1214 1036 1383 1066 Mantitheo
1395 1035 1463 1076 §.72
1472 1040 1630 1065 memorat:
1641 1038 1696 1064 τῶν

1002 1078 1141 1118 νεωτέρων,
1150 1078 1207 1108 δ’σοι
1221 1079 1281 1117 met
1292 1077 1411 1111 κύβουςῗι
1423 1078 1523 1111 πότους
1532 1077 1547 1108 ἢ
1563 1076 1631 1117 περὶ
1639 1079 1695 1111 τὰς

1003 1121 1137 1154 τοιαύτας
1145 1121 1298 1155 ἀκολασίας
1308 1121 1480 1161 τυγχάνουσι
1489 1122 1543 1154 τὰς
1550 1119 1694 1160 διατριβὰς

912 1166 943 1193 ⁸.
963 1187 969 1193 .
1004 1164 1167 1203 ποιούμενοι.
1181 1181 1224 1186 -
1239 1164 1384 1202 Σκιςάφεια
1399 1162 1590 1192 Grammatici
1613 1165 1694 1191 recte

1004 1207 1240 1244 interpretantur
1253 1205 1352 1238 κυβεῒα
1366 1205 1412 1234 vel
1424 1204 1600 1244 κυΒευτῖιςια,
1615 1204 1694 1234 alea-

1004 1250 1096 1278 toria:
1119 1249 1171 1278 sed
1188 1259 1282 1287 neque
1297 1249 1335 1277 de
1351 1258 1420 1278 vera
1435 1247 1519 1276 vocis
1534 1246 1696 1285 scriptura,

1006 1300 1102 1329 neque
1120 1291 1197 1320 unde
1211 1292 1304 1320 ducta
1318 1290 1358 1319 sit
1380 1290 1553 1330 appellatio,
1569 1299 1696 1318 consen-

1006 1334 1094 1362 tiunt.
1139 1333 1210 1362 Vid.
1231 1334 1465 1371 Harpocration,
1487 1331 1696 1371 Etymologus‚

1006 1375 1127 1411 Sunius,
1150 1375 1268 1411 Moeris,
1291 1375 1476 1413 Hesychius,
1494 1375 1609 1404 Pollux
1633 1375 1698 1404 IX.

1007 1419 1058 1447 96.
1072 1417 1290 1447 Grammaticus
1305 1417 1438 1447 Bekkeri
1452 1417 1520 1446 Vol.
1534 1417 1561 1446 l.
1577 1427 1608 1454 p.
1624 1419 1693 1447 300.

1008 1461 1074 1489 Nos
1089 1465 1190 1489 nostro
1201 1460 1267 1488 loco
1279 1459 1436 1488 lectionem
1443 1458 1610 1498 σιιιςαφείοις
1619 1469 1696 1497 prae-

1009 1502 1146 1537 tulimus,
1165 1502 1317 1541 probatam
1343 1511 1361 1530 a
1387 1503 1481 1531 Corae
1507 1501 1543 1530 ad
1570 1501 1599 1531 h.
1623 1502 1644 1530 l.
1666 1506 1698 1531 et.

1009 1544 1188 1575 ahOrellio.
1208 1545 1230 1574 l.
1245 1555 1274 1573 c.
1296 1543 1547 1576 Hemsterhusius
1570 1544 1607 1573 ad
1625 1543 1697 1574 Pol-

1009 1587 1086 1617 lucis
1101 1588 1198 1617 locum
1216 1587 1253 1616 iis
1266 1587 1412 1615 accedere
1428 1586 1558 1620 videtur,
1572 1586 1625 1625 qui
1641 1596 1696 1625 pu·

1009 1635 1072 1660 tant
1099 1630 1184 1660 dicta
1215 1630 1309 1659 fuisse
1336 1639 1353 1658 a
1387 1628 1482 1668 Σκίςῳ,
1507 1628 1576 1657 loco
1610 1634 1698 1658 extra

1009 1672 1154 1708 Athenas,
1169 1673 1219 1701 ubi
1235 1672 1378 1710 templum
1389 1677 1452 1701 erat
1465 1669 1577 1705 Ἀθηνᾶς
1588 1671 1698 1711 neceb.-

1008 1715 1063 1752 δος,
1077 1721 1108 1745 et
1129 1715 1158 1744 in
1175 1725 1262 1754 quem
1279 1713 1441 1744 convenire
1458 1714 1596 1753 solebant
1616 1714 1697 1744 aleu-

1008 1763 1100 1793 tores,
1108 1758 1221 1797 quippe
1231 1756 1358 1787 Athenis
1367 1766 1422 1796 per
1430 1766 1543 1788 morum
1556 1766 1696 1786 censores

1007 1801 1104 1830 minus
1119 1806 1212 1829 tutum
1229 1805 1311 1829 esset
1324 1799 1391 1828 alea
1402 1799 1509 1838 ludere
1521 1809 1529 1835 ;
1551 1799 1602 1828 ubi
1613 1799 1698 1828 deni-

1007 1853 1065 1881 que
1100 1842 1264 1872 secundum
1302 1842 1484 1880 Stephanum
1521 1841 1696 1880 Byzantium

1007 1886 1097 1915 etiam
1114 1885 1286 1914 meretrices
1298 1884 1567 1914 commorabantur.
1605 1884 1698 1913 Plura

1007 1928 1056 1966 qui
1067 1927 1161 1967 cupit,
1170 1927 1329 1965 adeatipse
1338 1927 1401 1955 Viri
1412 1926 1458 1956 Cl.
1468 1926 1699 1962 annotationem,

1009 1970 1051 2000 uti
1067 1976 1098 1999 et
1112 1970 1282 1999 Meursium
1298 1970 1337 1998 de
1354 1970 1429 2008 Pop.
1445 1968 1559 1998 Atticis
1577 1978 1608 2007 p.
1626 1971 1698 1999 120.

1008 2023 1043 2041 ac
1058 2011 1260 2041 D’Orvillium
1281 2012 1311 2039 in
1330 2011 1434 2039 Vanuo
1449 2010 1564 2041 Critico
1579 2021 1610 2050 p.
1623 2013 1698 2042 812.

1009 2054 1145 2083 laudatos
1176 2054 1317 2083 Piersono
1351 2054 1389 2082 ad
1422 2053 1533 2082 Moerin
1564 2062 1594 2092 p.
1623 2055 1698 2084 343.

1011 2096 1059 2125 De
1083 2095 1165 2135 Σκίξῳ
1193 2096 1324 2125 Petitum
1346 2095 1420 2124 citat
1440 2096 1555 2134 Taylor
1575 2097 1613 2125 ad
1639 2097 1698 2126 De-

1009 2139 1120 2168 mosth.
1135 2139 1273 2178 proC›r.
1288 2137 1314 2176 ᾗ.
1327 2136 1373 2175 μ’.
1395 2139 1500 2167 loma.

1051 2180 1095 2210 Ἐν
1129 2182 1196 2214 ταῖς
1232 2179 1407 2223 αὗλιιτρίσιν]
1453 2179 1628 2210 Priscianus
1660 2180 1697 2210 L.

1012 2223 1143 2253 XVIII.
1161 2223 1219 2253 col.
1236 2215 1330 2253 11131'.
1347 2223 1403 2253 Ed.
1428 2222 1575 2257 Putschii,
1596 2222 1697 2253 lauda-

1011 2270 1060 2296 tus
1083 2267 1171 2295 etiam
1196 2266 1292 2295 Corae
1316 2266 1345 2294 in
1369 2265 1450 2294 Add.
1475 2275 1506 2304 p.
1521 2266 1700 2297 334.‘1so-

1010 2313 1108 2338 crates
1130 2308 1259 2349 (inquit)
1287 2308 1317 2337 in
1344 2305 1598 2346 Areopagitico‚'
1588 2318 1614 2337 εν
1633 2309 1701 2343 ταῖς

1010 2350 1180 2390 αὐλητρίσιν,
1196 2351 1290 2389 proin
1306 2349 1384 2385 loco,
1398 2350 1426 2379 in
1441 2360 1501 2389 qno
1513 2350 1648 2380 habitant
1663 2351 1700 2381 ti-

1011 2394 1137 2424 bicines.
1181 2394 1265 2423 Huic
1280 2392 1377 2423 simile
1391 2392 1500 2423 Cicero
1519 2393 1549 2422 in
1565 2394 1594 2423 1.
1609 2393 1701 2424 Inve-

1009 2437 1157 2466 ctivarum
1172 2436 1281 2477 (Catil.
1296 2436 1320 2465 Ι.
1330 2434 1394 2475 1.):
1415 2439 1435 2453 “
1449 2435 1528 2466 Dico
1542 2440 1572 2466 te
1583 2435 1701 2466 venisse

1011 2479 1110 2517 priore
1122 2485 1210 2509 noete
1222 2479 1298 2508 inter
1307 2477 1479 2513 falcarios,'’
1492 2478 1513 2507 i.
1524 2487 1551 2507 e.
1562 2477 1591 2507 in
1602 2478 1701 2509 locum

1011 2522 1060 2551 ubi
1085 2527 1153 2551 sunt
1178 2521 1315 2552 falcarii.'
1363 2521 1461 2551 Recte
1483 2520 1604 2559 quidem
1631 2519 1700 2551 ille:

1011 2564 1057 2593 sic
1078 2565 1155 2594 enim
1182 2565 1249 2604 ipse
1265 2565 1414 2595 Isocrates
1433 2567 1464 2593 et
1484 2564 1701 2602 Theopompus

1011 2607 1086 2636 locis
1102 2607 1151 2637 all.
1168 2607 1415 2646 interpretantur.
1457 2605 1506 2635 Cf.
1520 2606 1558 2635 de
1572 2605 1629 2635 hoc
1644 2616 1702 2636 usu

1013 2649 1149 2680 Brunck.
1164 2651 1201 2680 ad
1219 2649 1372 2687 Aristoph.
1393 2648 1519 2688 Lysistr.
1531 2649 1605 2679 557.
1633 2648 1703 2678 Me-

1012 2693 1172 2723 retricibus
1199 2693 1281 2742 (ταῖς
1303 2693 1422 2731 πυραῖς,
1444 2690 1539 2726 παισὶ,
1565 2689 1704 2732 ἑταίραις)

1013 2736 1187 2775 plerumque
1196 2735 1321 2765 comites
1329 2734 1464 2768 aderant,
1471 2733 1516 2763 uti
1523 2733 1703 2764 etSaltrices

1013 2777 1232 2819 (ὀρχηστρίδες).
1256 2777 1327 2807 Vid.
1349 2776 1506 2814 Aristopb.
1535 2775 1612 2805 Rau.
1631 2778 1705 2808 513.

1017 2822 1119 2851 Nuhb·
1139 2823 1212 2852 996.
1239 2820 1377 2850 laudatus
1406 2828 1423 2848 a
1453 2818 1550 2849 Corae
1577 2822 1607 2847 et
1633 2829 1704 2849 mox

1016 2864 1165 2894 citandus.
1214 2863 1304 2901 Apud
1330 2861 1450 2900 Lysiam
1472 2861 1527 2890 Or.
1544 2861 1603 2890 1v.
1627 2861 1651 2900 §.
1668 2860 1704 2891 α’.

1016 2907 1195 2937 confitentur
1208 2905 1339 2945 quidam,
1352 2914 1385 2933 se
1394 2902 1512 2934 venisse
1523 2903 1589 2942 πξός
1600 2904 1706 2938 παῖδας

1017 2949 1064 2978 καὶ
1074 2946 1238 2987 αὐλητρίδας
1255 2947 1301 2976 καὶ
1313 2946 1382 2986 μετ’
1400 2946 1472 2976 οἴνου.
1521 2946 1570 2976 Ab
1585 2946 1705 2976 AEliano

1021 2993 1055 3022 V.
1086 2993 1126 3021 H.
1150 2991 1225 3022 VII.
1249 2993 1277 3020 ⁴2.
1301 2989 1479 3028 conjunctim
1507 2993 1705 3020 memorantur

1896 2416 1914 2448 ..,,
