1924 3314
479 200 545 240 IN
581 197 937 241 ISOCRATEM
971 196 1298 238 DIATRIBAE.
1560 199 1610 239 31

162 315 250 358 λοῦς
265 316 428 366 ἔχοντας
446 319 506 353 καὶ
521 322 593 355 τῶν
612 320 693 357 ταῖς
713 318 856 356 κακίαις
873 311 1203 362 ὑπερβαλλόντων,
1217 319 1283 357 τῆς
1298 311 1338 349 δὲ
1351 314 1539 363 χρησίμης
1557 312 1617 349 ἐπὶ

163 383 256 416 πᾶσι
277 378 336 416 καὶ
357 377 504 420 πάντας
533 377 738 428 δυναμένης
766 377 921 428 ω’φελεῖν
949 378 991 412 οὺ
1019 378 1286 417 κοινωνοῦντας
1312 372 1396 416 τοὺς
1421 374 1615 425 πονηρούς.

164 439 225 476 Ne
247 444 373 476 tamen
400 439 503 476 omni
524 438 741 489 patrocinio
761 436 989 475 destitutum
1015 443 1055 474 et
1077 436 1241 486 primum
1270 435 1378 473 illum
1403 434 1616 485 relinquam

164 500 308 546 locum,
329 500 382 537 ἐπ’
406 503 538 552 α’ρετὴν
568 503 629 538 καὶ
655 499 888 545 δικαιοσύνην
913 502 1148 547 (monstrosa
1176 497 1277 535 enim
1310 497 1396 535 haec
1424 496 1619 546 separatio

162 560 456 610 sueritjustitiae
477 575 498 599 a
517 562 688 609 virtute),
708 560 916 600 videndum
937 573 1020 597 esse
1040 559 1116 609 aio,
1129 571 1257 596 annon
1276 558 1331 596 ita
1350 557 1510 606 intelligi
1529 570 1620 606 pos-

164 622 240 660 sint
252 622 317 660 illa
333 624 450 661 verba
470 631 512 661 ut
530 624 562 660 si
581 623 729 661 dictum
746 628 847 660 esset
866 635 875 660 ε
891 623 951 659 ἐπὶ
969 623 1038 666 τήν
1056 636 1094 659 τε
1113 623 1236 667 ἄλλην
1255 622 1392 670 α’ρετὴν
1411 620 1470 656 καὶ
1485 619 1621 656 δικαιο-

164 687 292 731 σύνην.
350 685 436 722 Nisi
457 685 560 723 forte
579 692 617 723 et
637 685 824 734 scriptum
845 684 898 722 ita
923 684 974 721 ab
1001 684 1175 720 Isocrate
1200 682 1318 720 fuisse
1347 680 1620 730 suspicandum

139 744 142 747 ’
165 745 230 784 sit.
286 746 366 784 Sed
395 759 537 784 novum
567 747 695 784 multis
717 749 795 796 (sat
822 745 920 795 scio)
941 745 1150 788 videbitur,
1171 744 1224 781 ita
1254 742 1364 793 loqui
1394 743 1622 787 Isocratem,

164 805 225 842 ἐπὶ
243 808 312 851 τὴν
331 808 454 853 ἄλλην
471 809 617 856 α’ρετὴν,
638 820 710 857 pro
730 807 803 856 ltiS,
822 808 882 844 ἐπὶ
901 809 969 848 τὰς
991 806 1118 847 ἄλλας
1137 807 1285 855 α’ρετάς.
1342 804 1425 854 Ego
1446 804 1550 842 hunc
1571 804 1624 841 illi

166 867 392 916 scrupulum
410 868 589 912 eximam,
607 867 724 904 alium
745 867 872 904 locum
894 866 1095 916 proferens
1115 878 1162 902 ex
1182 865 1243 902 De
1260 865 1361 902 Pace
1381 867 1409 911 ξ.
1429 864 1469 902 κ’,
1485 864 1551 901 ubi
1573 865 1626 902 ita

165 926 351 976 loquitur.
371 927 425 965 ibi
444 927 546 965 enim
565 928 751 978 legimus:
772 930 839 973 τήν
858 929 888 965 τ’
906 926 1114 975 εὐσέβειαν,
1131 927 1191 962 καὶ
1206 928 1273 971 τὴν
1293 924 1546 976 σωφροσύνην,
1567 927 1627 962 καὶ

165 989 232 1032 τὴν
250 987 497 1036 δικαιοσύνην,
514 991 573 1027 καὶ
591 992 658 1035 τὴν
675 988 800 1036 ἄλλην
814 991 963 1040 α’ρετὴν.
993 986 1154 1037 Alioqui
1170 988 1231 1023 καὶ
1250 989 1317 1028 τὰς
1332 985 1456 1028 ἄλλας
1476 987 1627 1036 α’ρετὰς,

164 1049 287 1099 magis
309 1050 450 1087 usitato
466 1064 658 1097 sermone,
674 1051 767 1088 alibi
787 1051 838 1088 ab
857 1064 905 1087 eo
925 1049 1005 1087 dici
1024 1048 1227 1086 confiteor.
1285 1047 1393 1084 Facit
1409 1053 1536 1086 autem
1557 1060 1630 1097 pro

165 1122 251 1147 mea
270 1111 498 1160 conjectura
518 1112 581 1149 hic
600 1112 723 1157 locus,
745 1111 868 1148 modis
889 1110 1056 1148 duobus.
1078 1122 1166 1146 nam
1191 1115 1229 1146 et
1255 1110 1323 1154 τὴν
1348 1109 1471 1154 ἄλλην
1496 1109 1629 1158 ἀρετὴν

165 1171 219 1210 ita
247 1172 397 1210 dictum
424 1172 612 1218 videmus,
633 1180 676 1210 ut
705 1173 743 1209 in
772 1172 895 1209 altero
922 1172 986 1208 illo
1012 1169 1175 1219 intelligi
1194 1169 1358 1207 deberet
1377 1168 1489 1207 loco:
1519 1176 1559 1206 et
1579 1169 1628 1207 de

165 1234 306 1284 injuria
326 1247 440 1284 quam
463 1234 670 1288 δικαιοσύνῃ
693 1232 776 1271 fieri
798 1239 956 1282 questus
977 1230 1180 1278 sum,mihi
1200 1230 1420 1274 assentitur,
1438 1242 1556 1279 quum
1575 1230 1631 1267 illi

164 1304 301 1336 contra
320 1309 430 1334 suum
454 1296 554 1334 inter
578 1297 737 1333 virtutes
763 1295 890 1332 locum
920 1293 1079 1331 tribuat.
1137 1291 1214 1329 Sed
1239 1298 1448 1341 antequam
1477 1291 1527 1328 ab
1555 1291 1631 1329 hoc

165 1360 250 1409 ipso
270 1359 358 1397 loco
379 1358 591 1405 discedam,
605 1357 712 1395 alind
733 1363 791 1395 est
810 1356 860 1394 de
880 1368 958 1406 quo
980 1361 1017 1393 te
1038 1353 1226 1392 monebo:
1258 1353 1441 1390 Isocratis
1462 1353 1632 1402 philoso-

164 1422 293 1472 phiam
315 1420 482 1458 ethicam
502 1420 696 1470 peculiare
717 1417 860 1469 aliquid
882 1423 920 1455 et
939 1417 978 1454 in
998 1429 1045 1455 eo
1066 1413 1346 1465 habere,qu0d
1369 1427 1486 1464 quum
1507 1414 1546 1461 ii,
1564 1414 1632 1464 qui

164 1482 388 1521 felicitatem
420 1483 625 1520 humanam
654 1481 692 1518 in
721 1480 862 1518 virtute
887 1479 1144 1523 constituunt,
1164 1476 1319 1514 minime
1349 1476 1535 1526 pietatem
1561 1475 1633 1526 illi,

166 1545 226 1583 vel
246 1545 378 1595 potius
399 1544 537 1595 pietati
556 1543 674 1589 illam,
694 1542 846 1580 minime
861 1540 1096 1590 adjungant;
1129 1544 1265 1577 contra
1280 1538 1341 1575 ille
1355 1537 1472 1575 veluti
1489 1537 1633 1574 ducem

166 1606 269 1643 illam
291 1605 515 1644 constituat.
572 1605 612 1641 Is
633 1603 733 1641 enim
761 1616 782 1640 e
808 1616 887 1652 quo
913 1602 1087 1653 proxime
1114 1599 1379 1651 praecedentia
1405 1599 1634 1650 deprompsi

166 1668 290 1715 locus,
310 1667 362 1704 ita
384 1672 490 1704 totus
509 1665 671 1715 legitur:
701 1666 727 1702 εἳ
743 1665 813 1715 μὲν
833 1662 900 1701 οὖν
917 1663 1102 1714 ὑπάρχειν
1121 1661 1172 1700 δεῖ
1191 1666 1268 1704 τοῖς
1287 1662 1492 1712 μέλλουσιν
1513 1660 1633 1697 εὐδαι-

166 1731 356 1781 μονήσειν,
389 1730 456 1773 τήν
487 1730 515 1765 τ’
533 1725 732 1774 εὺσὲβειαν
759 1728 820 1763 καὶ
848 1727 913 1771 τὴν
944 1727 1185 1776 σωφροσύνην
1214 1725 1275 1761 καὶ
1304 1726 1371 1768 τὴν
1399 1722 1635 1769 δικαιοσύνην

165 1791 297 1840 (simul
319 1796 447 1827 autem
469 1789 648 1834 observa,
670 1788 908 1839 σωφροσύνην
928 1793 966 1824 et
988 1786 1238 1832 δικαιοσύνην,
1259 1784 1360 1822 sicut
1389 1785 1426 1821 in
1456 1784 1502 1822 iis
1532 1797 1633 1834 quos

165 1852 276 1891 attuli
296 1858 410 1889 antea
429 1850 541 1897 locis,
562 1850 754 1900 copulari,
775 1848 945 1898 ideoque
966 1861 1024 1885 me
1040 1847 1123 1896 jam
1152 1860 1238 1885 meo
1266 1848 1458 1897 promisso
1482 1846 1633 1883 satisfe-

164 1914 262 1953 cisse
285 1911 502 1951 memineris
523 1911 632 1962 quod
654 1923 729 1948 non
749 1910 865 1960 longo
886 1907 1089 1947 intervallo
1109 1907 1326 1958 praecessit)
1345 1909 1404 1943 καὶ
1424 1909 1491 1952 τὴν
1510 1906 1635 1952 ἄλλην

164 1977 315 2026 ἀρετὴν,
331 1973 447 2026 ὀλίγῳ
461 1975 637 2024 πρότερον
653 1975 862 2024 εἰρήκαμεν.
922 1971 993 2009 Est
1008 1976 1139 2008 autem
1155 1976 1193 2007 et
1209 1970 1307 2007 alius
1323 1968 1448 2014 locus,
1464 1968 1532 2006 ubi
1547 1981 1633 2021 eum

165 2038 282 2087 hujus
301 2049 394 2087 erga
411 2036 506 2074 deos
524 2035 680 2086 pietatis
703 2034 935 2072 mentionem
960 2032 1086 2071 faeere
1107 2031 1296 2076 videmus,
1313 2030 1528 2080 etquidem
1548 2043 1633 2068 eam

164 2100 300 2138 itidem
328 2099 433 2137 velut
460 2097 598 2136 ducem
627 2096 839 2134 virtutibus
865 2094 1195 2133 constituentem:
1226 2106 1302 2131 non
1335 2100 1461 2130 tamen
1495 2091 1634 2129 iisdem

164 2161 305 2212 quibus
325 2159 407 2197 illic
426 2158 652 2204 virtutibus,
671 2157 937 2208 temperantiae
958 2161 995 2194 et
1010 2155 1191 2204 justitiae,
1221 2154 1287 2192 sed
1302 2153 1471 2203 justitiae
1492 2160 1531 2191 et
1552 2165 1640 2202 pru-

164 2223 322 2262 dentiae.
380 2220 474 2271 Ejus
495 2220 615 2258 verba
635 2227 744 2258 sunt:
778 2219 893 2262 οὐδεὶς
913 2221 989 2267 γοίρ
1015 2217 1115 2260 ὅςτις
1140 2218 1226 2267 οὐχὶ
1244 2222 1318 2254 τῶν
1337 2214 1636 2265 ἐπιτηδευμάτων

165 2288 350 2335 προκρίνει
361 2286 428 2329 τὴν
443 2283 641 2331 εὒσὲβειαν
657 2285 725 2329 τὴν
740 2284 822 2333 περὶ
833 2281 918 2324 τοὺς
933 2279 1050 2325 θεοὺς,
1069 2281 1127 2317 καὶ
1145 2281 1211 2324 τὴν
1229 2278 1464 2324 δικαιοσύνην
1479 2280 1546 2322 τὴν
1558 2286 1638 2327 περὶ

165 2345 251 2388 τούς
270 2347 497 2395 ἀνθρώπους,
511 2348 569 2382 καὶ
588 2348 656 2391 τὴν
676 2346 854 2396 φρόνησιν
875 2346 942 2389 τὴν
961 2344 1042 2392 περὶ
1061 2344 1128 2384 τάς
1142 2341 1270 2383 ἄλλας
1284 2340 1445 2391 πράξεις.
1501 2339 1636 2377 Scien-

164 2406 256 2444 dum
278 2411 338 2444 est
357 2412 501 2452 autem,
516 2407 619 2444 hunc
639 2412 812 2444 nostrum
830 2406 1045 2443 Isocratem
1064 2415 1144 2453 prae
1158 2402 1297 2452 quovis
1311 2400 1386 2439 alio
1402 2400 1530 2451 magni
1548 2400 1633 2437 illos

163 2468 293 2506 facere
315 2479 416 2517 quos
434 2469 555 2510 καλῶς
574 2469 784 2516 γεγονότας
806 2472 919 2505 vocat
933 2467 1050 2514 <bene
1071 2471 1184 2502 natos
1199 2463 1336 2501 Latine
1358 2475 1429 2500 nos
1446 2474 1559 2512 posse
1579 2462 1636 2498 in-

164 2529 369 2581 terpretari
388 2530 514 2579 puto),
535 2535 719 2580 tanquam
741 2529 897 2580 aliquod
919 2528 968 2566 ad
991 2528 1169 2566 virtutem
1192 2526 1488 2577 adipiscendam
1509 2527 1637 2576 προτέ-

161 2608 264 2645 ρημα
282 2592 498 2630 habentes:
526 2595 645 2640 atque
667 2593 742 2630 hoc
764 2591 895 2629 multis
916 2591 953 2628 in
973 2589 1083 2636 locis,
1108 2602 1129 2626 a
1157 2602 1217 2626 me
1246 2587 1482 2633 admonitus,
1502 2589 1635 2625 obser-

164 2668 252 2694 vare
272 2653 437 2706 poteris.
495 2652 572 2690 Sed
595 2653 669 2690 hoc
691 2667 848 2704 quoque
868 2651 1252 2691 animadvertendum
1273 2657 1346 2695 est,
1360 2649 1502 2687 alicubi
1518 2649 1633 2688 bonae

163 2717 277 2756 etiam
311 2714 556 2754 educationis
587 2720 625 2752 et
657 2715 909 2754 institutionis
945 2714 1178 2753 mentionem
1212 2712 1357 2750 facere.
1387 2717 1432 2749 ut
1467 2711 1631 2749 Panath.

162 2784 192 2827 ξ.
210 2782 274 2818 off.
293 2780 396 2817 ἀλλὰ
415 2779 543 2829 μόνοις
564 2777 815 2829 ἐγγινομένην
833 2777 919 2827 (sed
941 2784 1049 2815 muto
1069 2776 1107 2814 in
1128 2774 1393 2827 ἐγγινομένης)
1415 2778 1492 2817 τοῖς
1510 2776 1632 2815 καλῶς

164 2842 424 2891 ’γεγονόσικαὶ
442 2842 710 2891 τεθραμμένοις
730 2841 789 2877 καὶ
818 2839 1135 2891 πεπαιδευμένοις.
1193 2837 1272 2876 Ubi
1302 2843 1428 2874 tamen
1457 2835 1631 2886 potuisse

162 2903 314 2942 videtur
333 2907 541 2941 contentus
561 2913 646 2939 esse
664 2900 888 2950 adjectione
909 2900 1104 2952 participii
1133 2900 1413 2952 τεθραμμένοις,
1435 2909 1554 2946 quum
1585 2907 1632 2933 eo

164 2965 444 3018 comprehendi
465 2971 505 3004 et
524 2965 834 3015 πεπαιδευμένοις
854 2970 996 3015 queat:
1027 2965 1130 3004 sicut
1157 2971 1197 3003 et
1222 2962 1327 3014 apud
1353 2962 1512 3000 Latinos
1537 2960 1634 2999 edu-
