1914 3314
496 217 684 261 ΠΡΟΣ
741 217 1270 260 ΚΑΛΛῙΜΑΧΟΝ.

1496 212 1602 265 705

165 332 318 397 λόγους
352 330 600 382 ποιεῖσθαι·
638 330 703 382 νῦν
742 327 785 381 δὲ
818 329 995 395 ἀνάγκη
1035 329 1130 416 ‘fregi
1171 331 1248 381 τοῦ
1281 330 1404 400 νόμου
1437 330 1605 405 πρῶτον

166 402 298 457 εἶπεῖν
340 403 451 456 καθ’
492 403 535 455 ὃν
587 402 957 473 εἰσεληλύθαμεν,
999 400 1048 454 ἵν’
1088 403 1373 473 επιστοέμενοι
1413 402 1510 471 περὶ
1550 402 1604 455 ἕὶν
1641 451 1646 457 .

164 533 220 563 illo
243 539 390 574 tempore,
411 545 470 573 quo
494 533 634 573 Triginta
656 534 718 572 jam
744 533 865 572 expulsi

165 582 268 614 erant3
291 578 459 616 praesertim
486 587 578 615 quum
607 585 645 605 ue
673 575 866 605 inimicorum

165 619 287 657 quidem
303 630 480 658 quemquam
509 618 616 648 ulcisci
635 618 794 653 voluerim,
813 628 866 648 ne-

165 662 236 691 dum
253 672 374 700 prorsus
391 662 583 700 incognitum.
606 659 673 700 (3¹.)
690 660 779 690 Licet
794 671 866 690 vero

165 704 264 734 omnia
276 704 427 739 fecissem,
436 714 560 743 quorum
573 703 631 732 iste
643 713 691 732 me
703 703 868 739 insimulat,

165 746 204 775 de
225 747 316 776 rebus
339 753 437 776 tamen
465 746 611 776 anteactis
634 746 717 775 litem
743 757 866 776 movere

165 789 281 819 foedera
299 790 476 829 probibent3
499 787 562 830 (ι’.)
579 799 646 828 quae
662 799 808 827 expresse
822 790 867 819 di-

164 831 288 861 mittunt
310 843 374 868 eos,
400 833 451 870 qui
469 832 598 871 aliquem
619 838 799 872 accusarunt
817 838 868 861 aut

166 875 347 910 detulerunt,
363 875 472 905 nedum
496 885 560 908 eos,
583 875 646 912 qui,
664 880 696 903 ut
712 885 780 913 ego,
796 874 868 904 nihil

166 917 287 947 omnino
314 918 517 957 deliquerunt.
542 916 627 957 (ια’.)
652 917 764 946 Mirum
785 928 868 957 ergo,

166 959 384 990 Callimachum
413 965 523 990 tantam
550 960 580 989 in
613 959 786 999 eloquentia
814 970 869 990 sua

165 1013 278 1042 ponere
294 1003 445 1039 fiduciam,
457 1009 488 1032 ut
499 1003 587 1032 vobis
597 1013 672 1040 quos
681 1003 795 1033 foedera
804 1003 868 1032 baec

166 1046 267 1083 magui
289 1046 401 1082 facere,
417 1051 448 1075 et
466 1046 514 1075 vel
530 1055 626 1084 poenae
648 1045 797 1074 obnoxios
823 1046 868 1074 di-

166 1087 286 1117 misisse
317 1088 413 1123 videt,
449 1088 633 1127 persuadere
671 1087 798 1124 cogitet,
837 1092 868 1116 ut

165 1130 328 1159 foederibus
344 1131 492 1160 contraria
507 1129 688 1164 decernatis,
700 1129 868 1167 praesertim

166 1182 259 1211 quum
274 1173 359 1202 illum
376 1173 482 1212 sugere
497 1177 638 1212 nequeat,
655 1172 703 1201 vel
718 1171 868 1210 potentis-

167 1215 261 1245 simos
278 1215 309 1244 in
330 1217 405 1246 urbe
429 1226 526 1254 neque
542 1216 610 1244 lites
628 1215 786 1244 intendere
803 1215 867 1244 cui-

167 1268 254 1297 quam
278 1268 335 1288 nec
357 1258 531 1297 injuriarum
557 1257 728 1287 meminisse
746 1258 868 1293 audere,

166 1301 297 1340 sibique,
314 1302 393 1340 quod
417 1302 456 1331 ad
477 1301 587 1331 t’oedera
613 1301 731 1335 attinet,
746 1310 800 1339 par
816 1302 869 1338 jus

166 1354 234 1373 eum
261 1344 381 1374 caeteris
408 1354 475 1374 esse
497 1353 639 1380 censere;
673 1343 793 1377 deinde,
816 1353 870 1372 vos

166 1387 439 1416 reconciliationem
470 1387 583 1416 civium
614 1396 650 1415 eo
672 1386 869 1424 jurejurando

168 1429 314 1465 firmasse,
330 1434 373 1464 ut,
387 1430 504 1459 etiamsi
518 1438 574 1458 uon
590 1429 871 1468 expediret,tamen

170 1476 251 1501 stare
274 1472 312 1502 iis
333 1482 458 1502 necesse
481 1476 585 1507 esset3
607 1472 749 1511 denique,
763 1482 816 1501 vos
830 1471 870 1500 iis

168 1515 272 1550 irasci,
287 1514 339 1554 qui
354 1516 467 1546 foedera
478 1514 606 1544 delenda
615 1522 749 1550 censent,
762 1516 871 1544 nedum

169 1557 221 1596 qui
236 1562 301 1586 rata
317 1567 353 1587 ea
372 1563 403 1587 et
426 1558 540 1596 scripta
563 1558 731 1595 transgredi
750 1557 870 1586 audent.

169 1597 254 1639 (ιβ’.)
279 1601 327 1629 De
337 1601 503 1630 foederibus
513 1611 585 1639 ergo
598 1600 742 1639 suffragia
753 1600 870 1634 feretis,

169 1653 236 1682 quae
257 1643 370 1672 nemini
393 1653 520 1682 unquam
546 1643 720 1682 neglexisse
744 1642 871 1682 profuit,

169 1695 295 1725 quaeque
310 1685 341 1714 in
357 1686 509 1716 bominum
524 1686 670 1716 societate
684 1686 795 1715 tuenda
805 1696 872 1726 gra-

171 1728 289 1758 vissimi
309 1733 378 1758 sunt
399 1729 555 1763 momenti,
581 1727 664 1769 (ιγ’.)
687 1729 797 1767 quibus
823 1738 871 1758 sa-

169 1771 263 1801 lntem
280 1775 408 1801 nostram
432 1771 490 1801 hoc
513 1776 649 1810 tempore
670 1771 826 1806 debemus,
839 1776 871 1801 et

170 1824 187 1844 a
200 1814 312 1853 quibus
328 1814 544 1844 conservandis
556 1815 654 1844 sutura
670 1814 800 1844 felicitas
817 1824 870 1844 no-

173 1861 236 1887 stra
253 1857 376 1896 pendet,
388 1867 575 1896 quorumque
589 1857 678 1887 laude
695 1857 804 1886 civitas
818 1867 868 1887 no-

173 1904 236 1930 stra
250 1899 301 1930 vel
317 1900 448 1930 maxime
462 1900 645 1930 celebratur.
670 1898 750 1940 (ιδ’.)
763 1900 870 1938 Neque

173 1952 246 1972 vero
261 1941 420 1983 quisquam
435 1953 482 1972 me
498 1953 562 1972 rem
578 1943 666 1972 nimis
686 1953 871 1982 exaggerare

172 1989 270 2024 putet,
286 1986 339 2014 sed
362 1990 475 2015 tantum
496 1986 575 2015 inter
597 1985 654 2015 hoc
671 1985 820 2024 judicium
841 1991 872 2015 et

173 2028 233 2058 alia
247 2028 383 2064 interest,
396 2034 430 2058 ut
445 2034 554 2058 caetera
569 2029 606 2058 ad
622 2039 691 2058 reos
709 2029 790 2058 solos
802 2028 873 2058 atti-

172 2076 274 2106 neant,
290 2071 320 2100 in
343 2071 400 2100 boc
423 2082 497 2101 vero
519 2071 690 2111 periculum
714 2081 871 2101 commune

172 2113 306 2143 civitatis
331 2119 449 2152 agatur.
496 2115 541 2144 De
561 2114 619 2144 hoc
635 2115 754 2144 duobus
772 2124 872 2144 sacra—

172 2157 283 2186 mentis
293 2157 432 2186 obstricti
442 2157 621 2187 sententiam
629 2157 750 2195 dicitis;
765 2157 795 2186 in
803 2158 872 2193 hoc,

170 2200 199 2230 si
219 2205 323 2229 contra
343 2201 395 2238 jus
415 2199 628 2235 decreveritis,
643 2210 700 2230 non
725 2200 872 2236 civitatis,

171 2243 226 2272 sed
247 2252 422 2272 communes
443 2243 576 2273 omnium
600 2243 683 2281 leges
705 2243 873 2274 violabitis.

175 2284 251 2326 (ιε’.)
274 2286 365 2324 Quod
385 2285 429 2315 ita
444 2296 523 2320 esse,
541 2296 595 2315 nec
616 2286 713 2324 ipsum
731 2286 872 2316 Callima-

172 2328 262 2358 chum
285 2332 462 2367 negaturum
486 2339 556 2358 esse
579 2328 719 2364 arbitror,
746 2330 798 2359 sed
821 2329 873 2370 jus

171 2380 259 2400 sunm
287 2370 317 2400 in
345 2371 515 2400 calamitate
539 2381 594 2400 sua
623 2381 769 2410 quaerere.
790 2370 875 2412 (ις’.)

171 2414 233 2443 Sed
249 2412 321 2453 quid
333 2413 397 2442 haec
410 2413 493 2443 illius
506 2413 660 2444 calamitas
669 2415 705 2443 ad
720 2425 767 2444 me
781 2415 875 2454 perti-

171 2461 332 2495 net,quem
342 2455 454 2494 injuste
464 2456 658 2487 criminatur?
681 2458 786 2496 etquis
798 2458 875 2487 alius

173 2499 264 2529 estin
281 2499 382 2538 culpa,
399 2499 423 2528 si
439 2509 528 2538 poeua
543 2504 591 2529 est
604 2500 648 2529 illi
666 2500 703 2529 de
726 2501 799 2529 falsa
819 2501 875 2530 cri-

173 2541 338 2571 minatione
374 2541 494 2576 luenda,
523 2543 572 2571 cui
606 2543 766 2572 etiamnum
804 2544 877 2573 licet.

172 2584 292 2614 actione
304 2584 416 2614 omissa
425 2589 490 2614 toto
500 2583 622 2624 negotio
632 2585 770 2615 liberari?
793 2585 876 2627 (ιζ’.)

173 2627 286 2658 Neine
297 2627 478 2663 meminerit,
492 2638 559 2666 quae
571 2628 601 2657 in
615 2628 779 2667 oligarcliia
793 2633 878 2668 gesta

173 2674 254 2706 sunt,
271 2671 324 2700 sed
336 2671 456 2704 doceat,
474 2681 541 2709 quae
557 2671 647 2710 hujus
663 2671 723 2701 loci
738 2677 876 2706 sunt,me

173 2723 255 2749 esse,
274 2713 329 2752 qui
353 2713 500 2752 pecunias
521 2713 565 2743 illi
586 2714 754 2748 abstulerit,
769 2724 877 2753 meque

173 2765 241 2785 esse
250 2755 430 2786 calamitatis
442 2765 505 2785 suae
514 2763 676 2786 auctorem.
719 2757 788 2786 Hac
797 2757 877 2787 enim

173 2799 370 2828 accusatione
391 2804 497 2829 contra
511 2808 615 2828 omnes
636 2799 678 2828 uti
699 2798 781 2829 licet.
802 2799 879 2840 (ιη’.)

174 2840 316 2880 Cogitate
330 2851 434 2880 porro,
445 2842 557 2871 multos
572 2841 642 2871 huic
652 2841 877 2880 judiciointen-

173 2883 247 2913 dere
264 2883 407 2920 animum,
429 2885 533 2914 audire
553 2884 721 2923 cupientes,
742 2884 815 2924 quid
839 2885 877 2915 de

172 2926 288 2956 foedere
299 2927 450 2965 judicium
462 2927 553 2958 laturi
565 2927 643 2958 sitis.
688 2927 719 2956 Si
733 2928 877 2958 decreve-

172 2968 251 3004 ritis,
271 2969 354 3008 quod
373 2971 490 3009 justum
511 2976 569 3006 est,
589 2970 633 3000 illi
658 2971 758 3000 securi
779 2976 877 3007 erunt,

174 3011 220 3042 sin
243 3011 342 3043 minus
362 3012 416 3043 alii
439 3013 477 3043 ad
501 3013 739 3047 calumniandum
763 3013 877 3044 excita-

899 533 1022 568 buntur,
1035 533 1088 562 alii
1104 534 1181 563 huuc
1191 532 1326 563 civitatis
1337 538 1447 563 statum
1459 534 1603 572 pertime-

900 581 997 610 scent,
1013 580 1152 615 tanquam
1175 576 1257 605 nullo
1277 577 1406 615 amplius
1423 576 1480 606 sibi
1495 576 1603 607 relicto

901 618 1054 657 confugio.
1083 617 1160 659 (⁶6¹.)
1176 619 1256 648 Ante
1275 619 1391 649 foedera
1407 619 1520 649 bellum
1535 630 1604 658 ges-

901 661 1014 697 simus3
1036 667 1194 700 postquam
1216 672 1286 691 vero
1306 662 1336 691 in
1354 673 1443 691 unum
1460 662 1603 692 conveni-

901 714 979 739 mus,
995 704 1053 734 fide
1071 705 1140 734 data
1155 710 1245 742 atque
1261 711 1399 744 accepta,
1420 706 1462 734 ita
1477 706 1603 734 honeste

902 751 933 776 et
956 747 1085 776 comiter
1105 747 1137 776 iu
1159 747 1233 776 urbe
1251 747 1393 783 vivimus,
1414 747 1499 786 quasi
1523 747 1604 777 nulla

901 790 981 818 inter
1009 800 1063 819 nos
1087 790 1238 819 dissensio
1264 791 1445 820 exstitisset.
1501 791 1603 829 Quare

902 832 954 871 qui
971 832 1082 861 foedera
1097 833 1212 862 violare
1233 834 1353 868 audent,
1369 834 1516 862 extremis
1533 843 1603 872 sup-

902 875 1004 913 pliciis
1025 875 1173 905 afficiendi
1195 881 1276 909 suut,
1290 876 1336 905 illi
1355 876 1537 914 praesertim,
1553 876 1604 914 qui

903 917 948 946 sic
974 918 1126 953 vixerunt,
1148 922 1181 947 ut
1204 918 1419 954 Callimachus,
1447 917 1518 958 (κ’.)
1538 919 1602 957 qui,

903 961 1045 998 quamdiu
1061 961 1182 990 duravit
1198 960 1321 995 bellum,
1337 961 1467 1000 auffugit
1483 967 1514 990 et
1530 971 1603 1000 opes

903 1013 972 1032 suas
992 1003 1178 1040 occultavit3
1202 1004 1253 1032 ubi
1281 1013 1352 1033 vero
1375 1003 1510 1042 Triginta
1533 1014 1605 1032 con-

903 1045 1003 1074 stituti
1033 1050 1113 1079 sunt,
1141 1045 1172 1074 in
1194 1045 1296 1074 urbem
1321 1055 1463 1074 reversus
1489 1051 1547 1080 est,
1570 1055 1604 1074 ac

903 1087 1067 1125 tyrannicae
1082 1087 1352 1117 administrationis
1369 1088 1406 1117 ad
1427 1098 1495 1117 eum
1510 1098 1605 1127 usque

902 1129 983 1158 diem
1001 1130 1154 1168 particeps
1168 1130 1288 1164 mansit,
1304 1140 1363 1168 quo
1380 1141 1495 1160 murum
1508 1141 1605 1169 expu-

903 1172 1020 1211 gnaturi
1036 1173 1138 1207 eratis,
1153 1182 1212 1211 quo
1230 1176 1367 1212 tempore
1387 1184 1492 1203 rursus
1509 1174 1606 1203 auffu-

902 1214 948 1252 git
964 1220 994 1244 et
1009 1214 1038 1244 in
1052 1214 1173 1245 Boeotia
1187 1221 1387 1245 commoratus
1401 1222 1458 1252 est,
1468 1217 1498 1246 iu
1509 1221 1606 1246 trans-

902 1257 980 1296 fugis
995 1258 1098 1296 potius
1115 1268 1201 1296 quam
1219 1258 1378 1288 exsulibus
1392 1259 1605 1289 numerandus.

902 1300 1002 1338 Atque
1019 1301 1088 1330 talis
1104 1311 1194 1340 quum
1211 1301 1313 1337 fuerit,
1330 1312 1386 1331 non
1403 1312 1532 1341 poenam,
1550 1303 1606 1332 sed

903 1343 1057 1380 praemium
1069 1344 1217 1373 meruisse
1228 1344 1286 1374 sibi
1295 1345 1470 1380 videtur,ac
1480 1345 1605 1375 meliore

905 1396 972 1415 esse
991 1386 1056 1416 vult
1076 1386 1261 1423 conditione,
1276 1397 1363 1426 quam
1384 1388 1494 1427 reliqui
1509 1389 1604 1418 cives.

903 1429 963 1458 Sed
985 1434 1103 1468 tempus
1118 1429 1214 1468 duplo
1227 1431 1317 1460 etiam
1335 1432 1432 1469 majus
1451 1441 1508 1460 non
1525 1431 1606 1461 suffi-

904 1476 987 1500 ceret
1001 1472 1038 1501 ad
1062 1472 1162 1501 omnia
1183 1474 1247 1510 ejus
1270 1473 1403 1503 facinora
1422 1474 1604 1503 enarranda:

905 1524 994 1543 unum
1018 1515 1043 1544 si
1070 1515 1260 1552 audiveritis,
1283 1515 1372 1546 facile
1396 1526 1513 1546 omnem
1540 1518 1606 1555 ejus

904 1556 1124 1596 improbitatem
1152 1558 1364 1597 cognoveritis.
1395 1559 1483 1600 (κε’.)
1503 1560 1606 1597 Quum

906 1600 1046 1629 Cratinus
1061 1600 1181 1639 quidam
1199 1611 1266 1631 cum
1282 1602 1412 1640 quodam
1428 1603 1606 1633 Callimachi

905 1642 990 1672 affine
1013 1643 1145 1682 litigaret
1168 1654 1328 1683 pugnaque
1352 1644 1428 1675 inter
1449 1656 1502 1675 eos
1523 1651 1606 1676 esset

905 1692 981 1721 orta,
1003 1686 1238 1716 criminabantur
1257 1687 1415 1717 Cratinum
1436 1693 1530 1727 caput
1554 1699 1607 1718 an-

904 1729 984 1758 cillae
1000 1729 1180 1758 contrivisse
1192 1730 1334 1769 illamque
1349 1741 1416 1760 esse
1431 1741 1471 1760 ex
1487 1741 1523 1761 eo
1540 1731 1606 1760 vul-

905 1782 975 1801 nere
991 1776 1150 1807 mortuam,
1169 1773 1248 1811 quod
1268 1783 1367 1802 coram
1378 1773 1496 1811 judicio
1513 1773 1606 1803 Calli·

904 1815 1028 1844 maehus
1055 1815 1235 1852 affirmavit3
1267 1817 1322 1846 sed
1357 1815 1499 1846 Cratinus
1537 1827 1605 1846 cum

905 1857 1004 1896 ipsius
1020 1858 1124 1887 amicis
1141 1858 1268 1896 ingressi
1284 1859 1417 1895 domum,
1433 1860 1462 1889 in
1479 1870 1539 1898 qua
1553 1859 1607 1890 illa

905 1900 1125 1937 occultabatur,
1140 1901 1170 1929 vi
1191 1901 1346 1940 abreptam
1363 1907 1394 1931 et
1409 1903 1440 1932 in
1457 1902 1606 1940 judicium

905 1943 1066 1973 adductam
1095 1944 1234 1973 omuibus
1262 1945 1420 1983 judicibus
1453 1945 1606 1975 viventem

906 1985 1110 2016 ostenderunt.
1136 1985 1227 2026 (xss‘.)
1242 1988 1267 2016 E
1289 1988 1401 2017 talibus
1423 1988 1605 2018 facinoribus

906 2028 1016 2064 omnis,
1043 2030 1144 2065 credo,
1168 2030 1406 2069 delinquentium
1431 2031 1494 2060 vita
1519 2031 1607 2061 facile

905 2072 1101 2110 perspicitur.
1145 2074 1192 2102 An
1213 2073 1265 2102 isti
1285 2073 1468 2103 credendum
1484 2080 1531 2103 est
1552 2084 1607 2113 pro

906 2125 938 2144 se
957 2114 1024 2154 ipso
1040 2115 1167 2151 dicenti,
1183 2126 1270 2154 quem
1285 2116 1316 2145 in
1340 2116 1464 2146 aliorum
1482 2117 1608 2156 gratiam

905 2159 1059 2197 pejerasse
1089 2159 1224 2187 constat!
1263 2158 1342 2195 Quis
1380 2169 1506 2198 uuquam
1540 2158 1609 2190 falsi

906 2200 1067 2230 testimonii
1092 2200 1261 2230 evidentius
1284 2208 1330 2231 est
1353 2202 1534 2232 convictus?
1568 2203 1609 2232 Et

906 2243 970 2273 haec
996 2254 1086 2282 quum
1109 2244 1294 2283 peccaverit,
1323 2243 1425 2274 dicere
1450 2245 1609 2275 conabitur

907 2296 963 2315 nos
985 2286 1128 2316 mentiri?
1153 2286 1244 2327 (κγ’.)
1265 2287 1354 2326 Quod
1378 2292 1478 2317 autem
1497 2288 1536 2318 ad
1560 2297 1608 2318 me

907 2329 1026 2364 attinet,
1043 2329 1130 2359 unius
1147 2329 1236 2359 modo
1251 2329 1280 2359 in
1296 2330 1452 2360 civitatem
1469 2330 1609 2361 beneficii

907 2372 1090 2402 mentionem
1101 2371 1217 2402 faciam.
1246 2372 1349 2402 Classe
1362 2373 1392 2402 in
1405 2373 1609 2412 Hellesponto

908 2415 1020 2445 amissa
1037 2414 1080 2444 ita
1099 2414 1226 2455 praestiti
1247 2415 1402 2454 plerisque
1425 2416 1610 2452 trierarchis,

909 2462 943 2486 ut
958 2468 1052 2487 meam
1063 2468 1169 2488 navem
1186 2467 1253 2487 cum
1269 2459 1374 2498 paucis
1387 2468 1609 2495 conservarem,

909 2504 939 2529 et
962 2501 1020 2530 hoc
1047 2501 1124 2530 inter
1149 2510 1202 2530 eos
1225 2501 1379 2539 peculiare
1403 2502 1556 2538 haberem,
1577 2507 1611 2532 ut

910 2553 985 2572 nave
997 2543 1026 2573 in
1039 2543 1191 2573 Piraeeum
1205 2544 1355 2583 perducta
1368 2554 1425 2574 non
1441 2545 1611 2575 destiterim

910 2595 927 2614 a
950 2586 1125 2616 trierarchia
1149 2592 1180 2616 et
1206 2597 1274 2616 cum
1299 2597 1368 2617 meo
1388 2587 1478 2618 fratre
1503 2598 1611 2618 munus

911 2628 1093 2659 trierarchiae
1102 2629 1218 2659 obirem
1231 2634 1443 2670 numerataque
1456 2631 1494 2661 de
1508 2635 1611 2660 nostro

910 2672 1008 2701 nautis
1023 2672 1162 2702 mercede
1171 2673 1274 2702 hostes
1285 2672 1468 2713 infestat-em,
1481 2679 1510 2704 et
1520 2683 1611 2713 quum

912 2714 1068 2753 Lysander
1083 2725 1170 2753 poena
1187 2715 1297 2755 capitis
1312 2716 1475 2752 sanxisset,
1491 2727 1527 2746 ne
1544 2717 1610 2754 quis

910 2757 948 2786 ad
967 2767 1022 2787 vos
1041 2758 1223 2788 frumentum
1244 2758 1379 2794 veheret,
1400 2769 1459 2798 ego
1482 2769 1538 2788 non
1555 2759 1610 2788 hoc

911 2800 1006 2830 solum
1037 2800 1180 2837 facerem,
1209 2801 1263 2830 sed
1294 2801 1384 2831 etiam
1419 2801 1610 2836 frumentum,

911 2843 990 2882 quod
1008 2843 1045 2872 ad
1067 2844 1310 2874 taeedaemonios
1324 2845 1499 2879 vehebatur,
1520 2844 1612 2873 inter-

910 2885 1042 2925 ciperem
1057 2893 1086 2916 et
1102 2886 1131 2915 in
1148 2887 1296 2917 Piraeeum
1314 2887 1504 2916 adducerem.
1548 2885 1612 2916 Pro

910 2929 1021 2968 quibus
1037 2929 1190 2959 beneficiis
1202 2930 1290 2960 nobis
1300 2929 1423 2968 publice
1434 2939 1545 2958 corona
1557 2928 1611 2958 de-

910 2978 993 3001 creta
1018 2978 1077 3002 est.
1112 2971 1201 3013 (a.)
1225 2973 1365 3003 Omnium
1392 2976 1489 3001 autem
1512 2981 1611 3001 essem

910 3013 1149 3051 infelicissimus,
1165 3016 1202 3052 si,
1218 3025 1307 3054 quum
1330 3015 1367 3044 de
1383 3024 1450 3044 meo
1472 3013 1566 3044 multa
1582 3014 1612 3043 in

910 3061 930 3088 4
948 3067 968 3086 ι
