1914 3314
799 191 1136 234 PRAEFATIO.
1615 197 1697 237 793

235 307 385 351 partem
405 302 595 352 epistolae,
624 305 671 342 ad
694 305 939 344 Timotheum
963 307 1103 357 iegitur
1124 308 1289 357 epistola
1310 308 1357 347 ad
1382 310 1694 359 Mityleiiaeoruni

234 363 496 412 magistratus,
519 371 557 403 et
578 365 742 416 epistola
763 368 811 405 ad
836 368 1129 414 Archidamum,
1149 369 1261 419 cujus
1281 370 1392 409 deest
1413 372 1575 409 initium.
1634 374 1697 410 In-

232 424 328 473 cipit
348 424 384 461 in
407 425 543 463 codice
571 427 621 464 ab
648 427 708 465 his
728 428 855 466 verbis
883 433 954 466 τῶν
979 431 1021 467 ἐν
1041 430 1331 484 Πελοποννήσῳ.
1391 433 1518 482 Hujus
1547 434 1698 472 codicis

232 494 453 525 accuratam
476 489 663 527 rationem
679 504 724 527 eo
741 490 936 530 lubentius
955 493 1155 543 exscripsi,
1174 494 1278 544 quod
1298 509 1342 532 ex
1359 508 1419 541 eo,
1439 510 1550 547 quem
1573 497 1698 547 primo

233 548 425 598 adspectu
456 549 629 587 libellum
656 550 771 589 vilem
802 559 840 590 et
871 554 1197 592 contemnendum
1229 555 1382 602 dixeris,
1413 558 1534 594 multo
1565 559 1694 607 plures

234 622 347 659 quam
383 623 427 646 ex
469 610 551 648 aliis
590 612 768 650 omnibus
807 619 887 651 tum
927 615 1217 653 emendationes
1259 623 1340 654 tum
1379 618 1694 667 conjecturarum

232 683 402 709 mearum
425 671 740 712 confirmationes
767 674 981 715 eduxerim.
1041 678 1234 716 Caeterum
1265 679 1295 716 is
1324 679 1446 718 codex
1476 681 1548 718 sub
1578 680 1692 719 finem

233 733 367 770 saeculi
387 733 527 772 decimi
549 735 673 784 quinti
697 736 850 775 videtur
868 745 1059 777 exaratus,

763 854 1000 894 CODICES
1030 856 1158 894 ALII.

283 953 318 978 a.
349 940 486 979 Codex
515 944 778 993 Augustanus,
807 956 828 981 a
860 944 1040 982 Matthaei
1072 945 1253 991 collatus,
1285 944 1498 984 orationem
1530 945 1691 997 primam

229 1001 446 1042 continens.

283 1064 322 1102 b.
354 1065 491 1103 Codex
511 1066 736 1112 Bavaricus,
756 1067 824 1116 qui
843 1065 1050 1104 Monachii
1069 1073 1141 1113 est,
1162 1066 1212 1104 ab
1232 1066 1400 1105 Hardtio
1421 1067 1599 1106 collatus.

285 1126 311 1163 f.
342 1126 479 1164 Codex
501 1128 749 1177 Fuggeranus
764 1127 994 1178 Hieronymi
1016 1127 1159 1165 Wolfii.

285 1187 323 1225 h.
354 1187 492 1226 Codex
520 1189 862 1235 Helinstadiensis‚
890 1202 969 1239 quo
996 1189 1178 1227 Matthaei
1211 1202 1302 1228 usus
1337 1196 1397 1227 est
1425 1189 1462 1227 in
1492 1190 1693 1241 Epistolis

230 1248 293 1287 Cf.
312 1249 468 1288 Praefat.
488 1250 536 1288 ad
560 1251 765 1289 Variantes
787 1251 996 1288 Lectiones
1018 1250 1192 1288 AEschin.
1215 1263 1254 1301 p.
1275 1254 1367 1289 403.

283 1310 308 1349 i.
339 1310 476 1349 Codex
497 1312 792 1359 Ambrosianus,
812 1325 834 1349 a
856 1311 1092 1363 Mustoxyde
1113 1311 1294 1350 collatus.

284 1372 323 1410 k.
354 1373 490 1411 Codex
508 1373 783 1412 ssaroccianus.

284 1435 309 1473 l.
340 1434 475 1473 Codex
497 1435 734 1473 Laudianus.

286 1510 334 1535 m.
377 1496 513 1535 Codex
556 1496 823 1548 Mosquensis,
858 1509 973 1547 quem
1015 1509 1102 1535 cum
1144 1496 1279 1535 ultima
1312 1495 1476 1547 epistoia
1513 1495 1692 1534 Matthaei

230 1559 409 1598 contulit.

283 1634 320 1658 n.
352 1621 488 1659 Codex
508 1621 595 1659 MS.
617 1621 655 1658 in
677 1620 919 1659 bibliotheca
940 1619 1106 1670 Collegii
1121 1618 1223 1657 Novi
1243 1618 1346 1670 apud
1369 1618 1613 1657 Oxonienses
1633 1631 1692 1657 re-

231 1689 418 1728 servatus,
439 1696 461 1721 a
481 1683 636 1721 Battieo
654 1682 830 1721 collatus.

283 1757 318 1782 o.
351 1744 487 1783 Codex
504 1744 756 1791 Bodleianus‚
776 1758 796 1783 a
819 1744 971 1782 Battieo
993 1744 1169 1782 collatus.

287 1818 318 1843 r.
350 1805 486 1843 Codex
509 1805 758 1853 Harleianus,
780 1818 799 1843 a
823 1806 977 1844 Battieo
998 1806 1177 1844 collatus.

283 1881 313 1906 s.
343 1867 482 1906 Codex
511 1871 722 1918 impressus
756 1870 875 1907 1493.
916 1867 1082 1918 collegii
1112 1867 1213 1905 Novi
1246 1867 1349 1919 apud
1381 1866 1640 1914 Oxonieuses,
1670 1879 1692 1904 a

232 1929 386 1968 Battieo
406 1929 585 1968 collatus.

288 1999 315 2029 t.
350 1991 455 2030 Plut.
476 1996 540 2032 87.
562 1992 651 2031 cod.
674 1996 737 2030 14.
773 1992 911 2031 Codex
932 1991 1226 2038 Laurentianus,
1247 1992 1296 2030 ab
1317 1992 1464 2030 Orellio
1483 1991 1660 2029 collatus.

287 2067 325 2091 u.
355 2058 447 2092 111.
478 2053 617 2092 Codex
637 2054 810 2092 Urbinas
835 2054 1168 2099 membranaceus,
1193 2068 1279 2092 cum
1306 2052 1546 2103 conjecturis
1565 2052 1694 2090 diver-

232 2127 361 2153 sorum
377 2121 416 2154 et
431 2116 546 2153 variis
561 2116 797 2155 lectionibus
816 2116 863 2154 ad
881 2116 1089 2167 marginem
1110 2115 1314 2165 conjectis.
1372 2117 1505 2166 Ipsum
1524 2115 1693 2153 Textum

236 2190 355 2227 porro
376 2179 546 2217 audaces
568 2179 631 2217 isti
651 2192 697 2217 ac
720 2178 873 2216 factiosi
907 2184 1148 2216 correctores
1172 2184 1422 2224 temerarunt‚
1441 2182 1481 2215 et
1505 2176 1634 2215 multis
1656 2175 1693 2213 in

234 2237 332 2276 locis
354 2239 561 2278 lectionem
582 2240 803 2291 primariam
825 2240 940 2290 plane
962 2239 1199 2278 delevelffunt

287 2315 321 2341 v.
355 2307 420 2340 65.
451 2302 587 2341 Codex
608 2302 822 2340 Vaticanus
844 2301 1178 2346 membranaceus,
1200 2313 1221 2338 a
1243 2300 1369 2338 Corae
1391 2300 1567 2339 collatus.
1595 2300 1693 2338 Ἐτε-

233 2363 402 2411 λειώθη*
387 2382 408 2411 η
427 2364 572 2413 βίβλος
588 2366 681 2410 αὕτη
696 2367 801 2415 παρα
824 2363 1044 2414 Θεοδώρου
1031 2362 1176 2401 υπάτου
1198 2378 1257 2400 και
1248 2361 1471 2410 βασιλικοῦ
1491 2362 1693 2413 Νοτοιρῖου,

234 2433 423 2479 γραφεῖσα
443 2430 562 2478 οἰκείᾳ
582 2428 677 2477 χειρὶ
696 2428 808 2464 αὑτοῦ
827 2428 918 2476 μηνὶ
934 2424 1145 2477 Ἀπριλλίῳ
1164 2425 1236 2462 ΚΕ
1257 2447 1271 2454 -
1294 2447 1308 2453 -
1332 2448 1348 2454 -
1369 2431 1431 2463 τοῦ
1451 2426 1562 2474 ἁγιόυ
1581 2424 1694 2475 Μάρ-

235 2504 314 2534 κου,
337 2487 406 2526 ’ἔτει
425 2487 588 2538 [ς’ΦΟΑ.
631 2488 758 2538 Κύριε,
779 2486 908 2535 βοήθει
927 2491 976 2539 τῷ
998 2487 1136 2533 ταύτην
1156 2487 1359 2538 γράψαντι.
1375 2487 1632 2538 Ἀμὴν.”Εχει
1652 2486 1692 2524 τὸ

229 2550 351 2601 παρὸν
369 2548 528 2598 βιβλίον
549 2552 676 2600 φὺλλα
692 2548 755 2587 7δῖ
798 2547 860 2586 Cf.
877 2548 1023 2586 Coraes
1045 2549 1124 2599 περὶ
1144 2554 1208 2593 τῆς
1230 2546 1431 2590 Ἐκὲόσεως
1450 2552 1514 2585 τοῦ
1533 2547 1693 2595 Ἰσοκρά-

232 2628 317 2656 τους
338 2611 418 2651 ἀελ.
438 2611 497 2649 οὲ.

806 2687 1124 2726 EDITIONES.

288 2777 396 2816 Med.
431 2776 561 2814 Editio
583 2774 901 2820 Mediolanensis‚
922 2777 1040 2812 1493.
1064 2773 1129 2811 fol.

288 2838 378 2877 ΑΜ.
412 2839 543 2876 Editio
567 2837 724 2887 Aldina,
747 2840 861 2874 1513.
885 2835 950 2873 fol.

289 2901 388 2951 Hag.
421 2901 555 2939 Editio
578 2898 861 2950 Haganoensis‚
883 2901 999 2936 1533.
1022 2901 1091 2934 8‘0.

289 2964 377 3000 Bas.
411 2963 541 3001 Editio
565 2961 782 3000 Basiticnsis
805 2961 941 3012 prima,
963 2965 1080 2999 1546.
1102 2965 1170 2999 8'0.

932 3033 956 3067 5
979 3039 991 3067 1
