1924 3314
285 185 357 232 54
506 189 596 229 EK
655 185 1096 231 ΔΙΟΝΥΣΙΟΎ
1150 186 1496 227 ΑΛΙΚΑΡΝ.

281 300 429 354 ζόμενα
455 300 621 351 κόσμοις
651 300 861 346 ἐπιθέτοις.
882 300 1025 351 πέφυκε
1055 315 1134 351 γαρ
1162 298 1187 344 ἡ
1214 300 1367 338 Λυσίου
1397 295 1555 343 λέξις”
1538 312 1644 364 εχειν
1671 297 1718 338 τὸ

280 358 434 412 χάριεν·
457 356 482 403 ἡ
511 353 544 396 δ’
562 354 840 424 Ἰσοκράτους
848 352 1062 408 βουλεται.
1089 354 1250 399 ταύταις
1275 356 1348 405 μὲν
1369 350 1417 401 δὴ
1442 357 1531 400 ταῖς
1558 351 1719 407 ἀρεταῖς

278 414 431 467 ὑστερεῖ
451 413 618 460 Λυσίου,
640 429 735 452 κατα
766 414 869 464 γοῦν
897 411 971 458 τὴν
996 410 1094 462 ἐμην
1122 409 1304 463 γνώμην,
1325 413 1510 463 προτερεῖ
1537 406 1578 449 δέ
1604 426 1651 462 γε
1675 409 1718 449 ἐν

278 474 366 516 ταῖς
383 467 631 520 μελλούσαις
649 466 855 521 λέγεσθαι.
875 464 1159 519 ὑψηλότερός’
1145 482 1251 506 εστιν
1271 465 1419 505 ἐκείνου
1445 482 1542 505 κατα
1561 465 1635 512 τὴν
1655 465 1718 518 ἑρ-

277 527 440 577 μηνείαν
459 527 521 565 καὶ
540 522 982 595 μεγαλοπρεπέστερος
983 524 1121 575 μακρῶ
1140 524 1202 562 καὶ
1223 518 1602 575 ἀξιωματικώτερος.
1622 518 1717 561 θαυ-

276 581 431 632 μαστὸν
459 597 538 634 γαρ
570 577 618 627 δὴ
643 583 706 620 καὶ
734 581 836 632 μέγα
865 579 911 619 τὸ
940 584 1010 626 τῆς
1035 577 1295 631 Ἰσοκράτους
1325 583 1565 624 κατασκευῆς
1594 576 1715 630 ὕψος,

278 637 448 690 ἡρωϊκῆς
475 635 690 706 μᾶλλονᾏ*
666 654 691 682 η
718 633 979 688 ἀνθρωπίνης
1007 634 1167 687 φύσεως
1193 635 1353 674 οἰκεῖον.
1375 630 1481 673 δοκεῖ
1504 629 1552 680 δή
1571 650 1640 700 μρι
1661 634 1715 685 μὴ

277 691 358 732 ιἰπὸ
378 695 531 732 σκοποῦ
551 709 611 738 τις
633 691 683 732 ἂν
704 691 853 731 εικάσαι
872 691 946 738 τὴν
964 692 1036 742 μὲν
1051 689 1310 744 Ισοκράτους
1323 687 1541 743 ῥητορικὴν
1560 691 1610 742 τῇ
1631 693 1716 729 Πο-

275 746 487 788 λυκλείτου
508 764 548 787 τε
569 750 633 788 καὶ
652 744 809 788 Φειδίου
829 747 953 817 τέχνῃ
973 746 1069 786 κατὰ
1084 747 1131 787 τὸ
1154 745 1303 798 σεμνὸν
1324 748 1386 786 καὶ
1407 743 1715 799 μεγαλότεχνον

276 807 339 845 καὶ
360 802 637 857 ἀξιωματικὸν,
664 821 737 850 την
757 801 797 844 δὲ
819 800 973 843 Λυσίου
994 804 1043 856 τῇ
1073 800 1310 855 Καλάμιδος
1344 804 1406 842 καὶ
1435 798 1715 856 Καλλιμάχου

219 872 221 874 ’
275 865 346 908 τῆς
365 858 647 907 λεπτότητος“’
631 877 741 900 ενεκα
761 862 826 900 καὶ
846 864 917 906 τῆς
936 858 1124 913 χάριτος·
1148 858 1278 912 ὥςπερ
1301 857 1383 928 γὰρ
1405 859 1563 899 ἐκείνων
1583 858 1622 898 οἱ
1641 860 1716 909 μὲν

275 917 317 957 ἐν
340 920 427 963 τοῖς
447 914 630 957 ἐλάττοσι
650 919 712 956 καὶ
733 913 1043 969 ἀνθρωπικοῖς”
1027 931 1161 969 εργοις
1186 916 1286 955 εἰσὶν
1307 914 1602 967 ἐπιτυχέστεροι
1632 915 1715 954 τῶν

275 972 430 1039 ἑτέρων,
452 973 489 1012 οἱ
517 969 585 1013 δ”
571 990 612 1013 εν
639 976 727 1018 τοῖς
751 970 907 1024 μείζοσι
933 974 995 1012 καὶ
1020 972 1239 1025 θειοτέροις
1260 967 1498 1023 δεξιώτεροι,
1519 968 1624 1009 οὕτω
1651 972 1715 1010 καὶ

273 1030 356 1068 τῶν
381 1025 568 1081 ῥητόρων
598 1030 621 1069 ὁ
640 1031 712 1080 μὲν
731 1029 772 1069 ἐν
791 1033 878 1074 τοῖς
898 1033 1054 1082 μικροῖς
1074 1028 1156 1067 ἐστὶ
1177 1027 1473 1099 σοφώτερος,ο
1451 1023 1535 1066 οδ’
1557 1026 1599 1065 ἐν
1627 1030 1715 1072 τοῖς

273 1082 470 1137 μεγάλοις
502 1085 790 1138 περιττότερος·
818 1084 926 1139 τάχα
952 1087 1024 1137 μὲν
1042 1083 1123 1137 γὰρ
1145 1086 1207 1124 καὶ
1228 1085 1276 1137 τῇ
1295 1084 1409 1136 φύσει
1439 1079 1714 1135 μεγαλόφρων

274 1157 334 1187 τις
349 1139 420 1187 ὢν,
438 1142 468 1181 εἰ
485 1139 525 1181 δὲ
539 1142 608 1193 μὴ,
626 1144 673 1195 τῆ
686 1159 733 1194 γε
753 1142 1008 1213 προαιρέσει
996 1139 1162 1186 πάντως
1177 1139 1223 1179 τὸ
1240 1139 1389 1190 σεμνὸν
1404 1141 1467 1179 καὶ
1482 1135 1715 1191 θαυμαστὸν

274 1193 442 1237 διωκων.
465 1200 587 1237 ταῦτα
608 1200 679 1248 μὲν
701 1204 775 1237 οὐν
797 1201 886 1250 περὶ
908 1202 978 1244 τῆς
999 1193 1149 1242 λέξεως
1167 1212 1239 1235 του
1258 1193 1454 1249 ῥητορος.

362 1253 463 1293 .Τὰ
485 1250 550 1293 δ”
537 1271 578 1293 εν
598 1256 652 1293 τῶ
670 1270 811 1307 πρακτ
801 1256 869 1293 ικιῦ
889 1253 999 1305 τόπῳ
1027 1250 1275 1306 θεωρήματα,
1303 1251 1352 1291 τὰ
1378 1254 1451 1303 μὲν
1479 1250 1598 1302 ὅμοια
1625 1254 1713 1296 τοῖς

273 1310 441 1358 Λυσίου,
456 1309 504 1348 τὰ
522 1305 561 1348 δὲ
577 1311 794 1362 κρείττονα.
813 1310 836 1355 ἡ
852 1312 923 1360 μὲν
940 1308 1095 1362 εὕρεσις
1111 1309 1230 1355 ἡτῶν
1243 1305 1586 1360 ἐνθυμημάτων,“
1565 1324 1590 1352 η
1606 1305 1713 1360 πρὸς

273 1363 439 1405 ἕκαστον
460 1363 714 1418 ἁρμόττουσα
736 1366 917 1416 πρᾶγμα,
939 1362 1078 1410 πολλη
1107 1366 1168 1404 καὶ
1190 1380 1320 1411 πυκνη
1344 1366 1406 1404 καὶ
1429 1359 1578 1403 οὐδὲν’
1565 1364 1714 1410 εκείνης

273 1417 499 1472 λειπομένη,
516 1423 578 1460 καὶ
599 1421 726 1473 κρίσις·
747 1419 938 1465 ὡσαύτως
955 1417 1036 1458 ἀπὸ
1051 1418 1235 1472 μεγάλης
1251 1421 1491 1472 φρονησεως
1506 1420 1714 1473 γινομένη·

272 1473 385 1522 τάξις
406 1473 446 1516 δὲ
467 1477 530 1516 καὶ
549 1494 593 1528 μ
582 1492 731 1529 ρισμοι
752 1476 834 1515 τῶν
850 1474 1101 1528 πραγμάτιον
1118 1477 1180 1514 καὶ
1203 1475 1228 1520 ἡ
1249 1473 1334 1515 κατ’
1350 1476 1587 1527 ἐπιχείρημα
1606 1472 1714 1528 ἐξερ-

272 1534 396 1584 γασία
416 1550 478 1572 και
499 1532 544 1572 τὸ
566 1529 918 1585 διαλαμβάνεσθαι
932 1532 1006 1578 τὴν
1023 1527 1225 1582 ὁμοειδίαν
1245 1528 1370 1576 ἰδίαις
1383 1527 1636 1584 μεταβολαῖς
1651 1533 1715 1572 καὶ

274 1586 406 1634 ξένοις
426 1585 679 1638 επεισοδίοις,
699 1588 748 1628 τά
767 1604 806 1627 τε
827 1586 973 1628 ἄλλα’
960 1588 1036 1627 όσα
1054 1589 1144 1640 περὶ
1164 1604 1237 1634 την
1257 1587 1537 1640 πραγματικὴν
1560 1587 1717 1628 οἰκονο-

271 1646 367 1696 μίαν
386 1646 493 1685 ἐστὶν
521 1642 669 1698 ἀγαθὰ,
689 1642 836 1697 πολλῶ
858 1642 1057 1693 μείζονά
1043 1660 1124 1684 εστι
1149 1660 1232 1697 παρ
1260 1642 1478 1696 Ισοκράτει
1501 1660 1564 1683 και
1592 1660 1614 1683 κ
1643 1660 1715 1683 ειτ-

272 1717 384 1746 τονα,
405 1699 579 1751 μάλιστα
598 1698 634 1740 δ’
653 1700 677 1746 ἡ
699 1702 932 1754 προαίρεσις
952 1700 977 1747 ἡ
996 1701 1079 1740 τῶν
1098 1698 1256 1753 λόγων,
1276 1702 1367 1753 περὶ
1388 1716 1461 1745 ους
1477 1660 1713 1748 {ava-0652&

270 1759 335 1796 καὶ
364 1758 446 1796 τῶν
466 1756 699 1796 ὑποθέσεων
717 1756 764 1797 τὸ
785 1755 991 1805 κάλλος,’
978 1774 1019 1796 εν
1047 1756 1112 1802 αἷς
1132 1757 1301 1797 ἐποιεῖτο
1320 1755 1395 1802 τὰς
1419 1751 1648 1808 διατριβὰς,
1671 1751 1715 1802 εξ

269 1811 327 1851 ὧν
359 1812 406 1852 οὐ
440 1810 574 1866 λέγειν
607 1809 762 1859 δεινοὺς
788 1813 919 1864 μόνον
947 1811 1207 1866 απεργάσαιτ’
1230 1811 1281 1852 ἂν
1307 1829 1404 1858 τους
1430 1813 1714 1866 προσέχοντας

359 1870 375 1878 ..ι

268 1867 374 1920 αὐτῳ
404 1867 477 1909 τὸν
502 1871 614 1914 νοῦν,
646 1867 757 1909 ἀλλὰ
786 1871 848 1910 καὶ
873 1868 921 1908 τὰ
951 1868 1031 1916 ἠδη
1058 1866 1308 1914 σπουδαίους
1336 1866 1427 1921 οἴκῳ
1452 1885 1492 1909 τε
1512 1871 1575 1909 καὶ
1593 1866 1714 1909 πόλει

267 1941 330 1964 και
354 1922 432 1978 ὅλη
451 1926 498 1978 τῆ
515 1921 689 1964 Ελλάδι
709 1927 950 1979 χρησίμους·
975 1924 1163 1978 κράτιστα
1178 1925 1260 1979 γὰρ
1280 1921 1327 1972 δὴ
1345 1921 1590 1976 παιδευματα
1605 1924 1713 1978 πρὸς

268 1976 414 2033 ἆρετὴν
441 1981 483 2020 ἐν
510 1985 596 2027 τοῖς
616 1979 916 2035 Ἰσοκράτους’
903 1983 1011 2021 εστὶν
1034 1981 1161 2035 εὑρεῖν
1190 1981 1352 2035 λόγοις.
1378 1983 1441 2021 καὶ
1463 1979 1592 2034 ε’γωγε
1613 1983 1712 2034 φημι

268 2041 412 2102 χρῆναι
444 2037 540 2083 τοὺς
570 2035 800 2088 μέλλοντας
826 2037 922 2091 οὐχὶ
950 2038 1071 2091 μέρος
1097 2054 1134 2078 τι
1162 2043 1233 2085 τῆς
1253 2035 1462 2084 πολιτικῆς
1490 2034 1712 2090 δυνάμεως,

269 2088 364 2131 ἀλλ’
385 2090 488 2139 ὅλην
509 2092 634 2140 αὐτὴν
655 2091 890 2141 κτησασθαι,
910 2096 1055 2134 τοῦτον
1076 2093 1182 2148 ’ἐχειν
1201 2094 1273 2135 τὸν
1291 2091 1448 2147 ῥήτορα
1469 2089 1533 2133 διὰ
1555 2093 1709 2147 χειρός·

268 2149 331 2186 καὶ
353 2146 385 2187 εἴ
402 2165 462 2194 τις
485 2146 698 2196 επιτηδεὺει
718 2168 792 2197 την
813 2149 1016 2197 ἀληθινην
1035 2149 1298 2204 φιλοσοφίαν,
1320 2167 1374 2201 μη
1402 2149 1448 2190 τὸ
1467 2149 1713 2202 θεωρητικὸν

268 2202 391 2249 αὐτῆς
424 2204 555 2255 μόνον
588 2204 776 2258 ἀγαπῶν,
803 2204 915 2247 ἀλλὰ
943 2210 1005 2247 καὶ
1032 2207 1078 2247 τὸ
1109 2205 1403 2261 πραγματικὸν,
1432 2203 1576 2256 μηδ’ἆ
1553 2205 1624 2258 αφ’
1655 2205 1713 2246 ὧν

268 2258 392 2305 αυτὸς
427 2258 588 2301 α’λυπον
619 2260 694 2308 ε’ξει
726 2260 829 2316 βίον
857 2280 1195 2316 προαιρουμενος,
1230 2261 1325 2303 άλλ
1358 2259 1401 2308 ἐξ
1433 2262 1490 2302 ὧν
1523 2260 1713 2309 πολλοὺς
1749 2314 1752 2317 ¹

268 2313 479 2366 ὠφελήσει,
498 2317 908 2388 παρακελευσαίμην
888 2337 938 2360 ιιν
959 2319 1066 2372 αυτιρ
1091 2337 1164 2367 την
1186 2320 1334 2360 ἐκείνου
1355 2321 1426 2358 τοῦ
1446 2316 1625 2372 ῥήτορος
1649 2335 1712 2372 μι-

266 2373 425 2422 μεῖσθαι
446 2374 694 2426 προαίρεσιν.

364 2430 479 2474 Τις
490 2445 571 2480 γαρ
593 2430 665 2470 οὐκ
687 2449 737 2471 ιιν
756 2433 917 2484 γένοιτο
938 2429 1162 2485 φιλόπολίς
1183 2447 1222 2470 τε
1243 2433 1304 2471 καὶ
1323 2426 1573 2484 φιλόδημος·
1564 2460 1574 2479 ,
1607 2429 1631 2477 ἢ
1647 2431 1710 2478 τίς

267 2480 340 2522 οὐκ
360 2483 410 2523 ἂν
428 2482 682 2531 ἐπιτηδεύσειε
702 2505 801 2557 τηντ,
791 2487 1001 2535 πολιτικην
1018 2486 1338 2540 καλοκαγαθίαν,
1356 2485 1564 2540 ἀναγνοὺς
1584 2486 1708 2527 αὐτοῦ

266 2537 339 2578 τόν
358 2539 669 2593 Πανηγυρικόντ.
702 2561 743 2582 εν
759 2562 803 2595 ιι,
827 2541 982 2591 διεξιὼν
1001 2562 1075 2590 τας
1090 2545 1173 2584 τῶν
1189 2542 1373 2596 ἀρχαίων
1390 2542 1548 2593 ἀρετὰς,
1566 2545 1706 2596 φησὶν,

267 2593 323 2640 ὡς
351 2595 388 2634 οἷ
418 2613 490 2643 την
520 2595 703 2639 Ελλάδα
733 2598 1076 2655 ἐλευθερώσαντες
1103 2599 1185 2640 ιἰπο
1212 2602 1295 2640 τῶν
1317 2597 1556 2672 βαρβάρων
1583 2616 1631 2640 ου
1656 2599 1706 2640 τὰ

265 2648 437 2702 πολέμια
458 2650 577 2694 δεινοὶ
589 2655 720 2705 μόνον
737 2657 850 2703 ἦσαν,
871 2656 980 2697 ἀλλὰ
998 2660 1059 2697 καὶ
1074 2656 1121 2696 τὰ
1137 2655 1216 2703 ἠδη
1230 2662 1410 2709 γενναῖοι
1425 2658 1486 2697 καὶ
1503 2653 1707 2709 φιλότιμοι

264 2709 326 2746 καὶ
355 2707 578 2761 σώφρονες·
610 2711 648 2751 οἵ
674 2728 720 2764 γε
749 2714 830 2752 τῶν
856 2717 928 2765 μὲν
957 2714 1105 2755 κοινῶν
1131 2711 1297 2765 μᾶλλον
1319 2710 1602 2767 ἐφρόντιζον
1578 2730 1602 2759 η
1624 2713 1707 2753 τῶν

308 2816 432 2856 Κόσμοις
467 2818 619 2860 ἔπιθέτοις]
667 2822 751 2861 Leg..
787 2823 965 2853 admonente
1042 2822 1127 2852 TAES’
1141 2821 1168 2852 ἐν
1190 2822 1232 2860 τῷ
1256 2822 1404 2861 πςακτικᾷἱ
1426 2821 1520 2862 τόπῳ]
1546 2821 1609 2851 Hic
1627 2820 1703 2850 Dio-

266 2858 390 2894 Wolfio,
406 2860 529 2899 κόσμους
543 2861 710 2896 ἐπιθέτους.
735 2865 838 2894 Imm.
1001 2866 1118 2904 nysius,
1134 2870 1293 2904 postquam
1310 2864 1374 2902 egit
1393 2865 1432 2894 de
1447 2863 1551 2894 verbis
1561 2862 1640 2904 (πιξί
1655 2875 1704 2896 της

309 2902 399 2942 Τάχα.
422 2903 478 2941 μὲν
495 2906 548 2944 γὰρ
568 2905 656 2945 καὶ]
657 2905 706 2935 ’.Ισ
723 2908 807 2946 τάχα
830 2907 884 2946 μὲν
906 2908 964 2938 καὶ.
1001 2907 1128 2946 λέξεως),
1139 2907 1248 2946 agitde
1258 2908 1389 2937 rebuset
1399 2905 1705 2944 εεηῐευίίἰε,πεξὶτῶν

267 2942 351 2972 ‘⁴0¹¹-
1002 2950 1137 2988 πράξεων.
1163 2951 1298 2979 AUGER.
