1914 3314
676 558 1240 614 BERGMANI

455 681 567 728 AD
634 682 1453 731 AREOPAGITICUM

763 796 1145 838 PRAEFATIO.

284 1009 556 1050 ANTEQUAM
591 1005 638 1043 ad
671 1006 897 1044 Orationem
930 1006 1163 1045 Isocrateam
1198 1013 1385 1058 perpetua
1423 1006 1668 1044 annotatione

228 1067 493 1106 illustrandam
517 1066 763 1113 accedamus,
785 1080 912 1118 operae
939 1068 1106 1118 pretium
1134 1068 1311 1106 duximus
1337 1081 1460 1118 pauca
1489 1067 1668 1118 quaedam

227 1131 275 1168 de
302 1144 346 1168 ea
374 1130 546 1168 universe
572 1129 741 1180 praefari,
770 1142 847 1180 quo
875 1129 1021 1168 facilior
1044 1130 1092 1168 ad
1119 1131 1203 1181 ejus
1229 1131 1518 1181 intelligentiam
1542 1130 1668 1168 aditus

227 1198 374 1244 pateat.
1253 1189 1277 1210 Ψ

278 1254 448 1292 Primum
479 1253 528 1291 de
566 1252 694 1291 Titulo
723 1253 856 1303 'operis
888 1253 1107 1292 dicendum.
1165 1254 1396 1292 Inscribitur
1429 1254 1512 1291 haec
1545 1252 1666 1290 oratio

222 1316 558 1367 Ἀρειοπαγιτικός,
580 1315 729 1353 scilicet
749 1318 876 1364 λόγος.
938 1316 1001 1353 Sic
1022 1323 1127 1353 certe
1147 1317 1285 1367 legitur
1306 1317 1341 1354 in
1364 1316 1543 1353 Editione
1562 1315 1666 1352 Wol-

223 1376 325 1414 fiana
346 1376 481 1425 majori
502 1383 541 1414 et
563 1376 713 1423 minori,
729 1383 768 1414 et
788 1376 891 1426 apud
915 1377 1083 1426 reliquos
1100 1377 1282 1414 Wolfium
1301 1383 1415 1415 aetate
1433 1383 1662 1414 consecutos

223 1439 416 1483 Editores,
455 1438 705 1488 Stephanum,
743 1438 946 1483 Baffleum,
981 1438 1204 1488 Augerium,
1245 1438 1446 1489 Langium,
1486 1439 1662 1476 Coraem.

224 1500 301 1550 Sed
316 1500 473 1537 Veteres
491 1499 614 1544 multi,
631 1498 807 1548 neglecta
827 1499 1082 1549 diphthongo,
1098 1501 1330 1550 scripserunt
1343 1500 1660 1551 Ἀρεοπαγιτικός.

223 1562 309 1600 Hoc
331 1562 473 1600 habent
494 1562 657 1611 primum
681 1560 880 1598 Editiones
895 1561 1658 1610 Mediolanensis,Aldina‚Isingriniana:

219 1622 360 1661 deinde
381 1623 513 1661 Codex
534 1622 936 1672 Lugduno-Batavus:
968 1622 1134 1673 denique
1156 1623 1364 1673 scriptores
1384 1629 1545 1671 veteres,
1568 1622 1660 1660 Dio-

216 1685 345 1736 nysius
373 1683 723 1721 Halicarnassensis
744 1683 896 1721 duobus
917 1683 1027 1733 locis,
1045 1684 1188 1733 quibus
1208 1684 1257 1721 de
1277 1684 1348 1721 hac
1368 1684 1540 1720 oratione
1565 1683 1657 1733 agit,

214 1747 292 1794 περὶ
311 1744 417 1783 συνὲ.
435 1746 539 1795 ὄνομ.
557 1757 596 1794 p.
610 1748 674 1786 27.
688 1748 726 1781 8.
748 1751 785 1781 et
806 1744 843 1780 iu
860 1744 949 1782 Vita
967 1745 1148 1783 isocratis
1169 1759 1208 1796 p.
1230 1749 1293 1786 97.
1315 1750 1352 1782 6.
1375 1744 1657 1794 Harpocration

214 1805 251 1842 in
283 1805 649 1857 διεσκαριφησάμεθα,
672 1806 860 1847 ἐπιθέτους
886 1804 1031 1857 ἑορτάς,
1059 1806 1175 1851 ὅσιον,
1198 1811 1439 1856 συγγραφεῖς.
1499 1806 1656 1855 Etymo-

213 1865 323 1917 logus
343 1867 380 1905 in
401 1867 586 1908 ἐπιθέτους
611 1866 753 1914 ἑορτάς.
811 1865 1101 1904 Grammaticus
1120 1870 1200 1917 περὶ
1221 1868 1419 1913 συντάξεως
1438 1880 1458 1904 a
1479 1867 1656 1905 Bekkero

213 1928 341 1965 editus
359 1928 397 1966 in
419 1928 569 1967 Anecd.
593 1929 663 1965 Gr.
686 1927 775 1964 Vol.
796 1927 827 1968 I.
851 1940 890 1977 p.
912 1931 1000 1966 125.
1022 1929 1059 1965 in
1081 1929 1229 1980 Ἀμὺνω
1257 1931 1316 1966 καὶ
1342 1929 1527 1980 ἐπαμύνω,
1550 1935 1588 1966 et
1615 1928 1654 1966 in

211 1988 370 2040 Ἀπορῶ.
408 1988 570 2026 Photius
589 1988 689 2025 Cod.
711 1988 893 2027 CLVIlI.
917 1987 1028 2038 cujus
1051 1990 1164 2028 verba
1182 1991 1311 2028 retulit
1332 1991 1472 2028 Coraes
1488 1991 1587 2028 iuter
1604 1998 1656 2028 te-

213 2049 391 2087 stimonia
407 2056 576 2087 veterum
598 2049 646 2086 de
666 2050 850 2088 Isocrate.
885 2050 1292 2089 Pseudo-Plutarchus
1313 2052 1349 2088 in
1368 2052 1454 2089 Vita
1474 2052 1656 2090 Isocratis

211 2123 251 2160 p.
273 2115 363 2149 838.
383 2111 429 2148 B.
475 2110 673 2154 Quaeritur
693 2124 780 2161 quae
801 2111 850 2149 sit
870 2112 992 2149 verior
1012 2112 1217 2164 scriptura.
1260 2113 1375 2157 Quod
1397 2113 1427 2150 si
1447 2113 1654 2152 auctorita-

209 2175 312 2212 tibus
340 2174 565 2212 certandum
595 2181 666 2223 est,
693 2188 783 2212 sane
811 2175 867 2212 illi
896 2175 979 2214 haec
1008 2177 1280 2227 anteponenda
1300 2177 1474 2217 videtur:
1510 2178 1576 2215 sed
1605 2178 1657 2216 vi-

207 2236 374 2275 dendum
395 2236 489 2287 quid
510 2249 597 2274 cum
620 2236 779 2285 Linguae
799 2237 1000 2288 Analogia,
1021 2239 1115 2288 quid
1134 2251 1221 2276 cum
1243 2252 1310 2276 usu
1332 2245 1500 2276 veterum
1519 2251 1656 2277 conve-

207 2297 299 2336 niat.
355 2297 469 2341 Quod
490 2297 537 2334 ad
560 2297 658 2335 hunc
681 2298 831 2342 attinet,
851 2299 1046 2349 Areopagi
1069 2299 1236 2336 tribunal
1257 2312 1278 2336 a
1299 2299 1453 2337 Graecis
1473 2299 1653 2350 frequen-

206 2358 350 2397 tissime
374 2358 450 2396 dici
476 2361 541 2404 τὴν
560 2359 596 2404 ἐξ
612 2361 754 2407 Ἀρείου
774 2359 899 2408 πάγου
918 2359 1074 2407 βουλὴν,
1096 2359 1155 2397 vel
1182 2367 1220 2398 et
1249 2364 1315 2407 τὴν
1333 2360 1373 2398 ἐν
1391 2361 1523 2413 Ἀρείῳ
1543 2361 1653 2414 πάγῳ

203 2419 359 2468 βουλὴν,
387 2420 503 2457 ducta
532 2421 793 2470 appellatione
828 2435 849 2459 a
880 2422 968 2459 loco
1005 2423 1173 2473 quodam
1208 2423 1384 2470 Athenis,
1418 2423 1484 2473 qui
1501 2425 1652 2475 ’Ἄρειος

203 2483 339 2531 πάγος,
358 2483 431 2520 hoc
451 2489 521 2527 est,
544 2481 693 2519 Martis
713 2482 822 2520 collis
843 2483 1050 2528 diceretur,
1073 2496 1149 2520 non
1173 2485 1232 2521 est
1251 2484 1356 2535 quod
1379 2484 1512 2523 dedita
1533 2498 1652 2536 opera

203 2543 462 2582 ostendamus.
500 2543 563 2580 Cf.
584 2543 701 2580 modo
723 2548 753 2591 ξ.
779 2542 834 2582 ιδ’.
878 2544 1109 2582 Plutarchus
1126 2545 1162 2582 in
1183 2546 1261 2583 Sol.
1278 2559 1315 2596 p.
1332 2550 1395 2584 88.
1417 2547 1468 2584 D.
1490 2547 1536 2585 E.
1577 2549 1646 2586 Di-

203 2605 306 2644 citur
331 2605 442 2643 etiam
454 2605 607 2657 ’Ἄρειος
640 2605 775 2654 πάγος.
834 2607 923 2644 vid.
951 2611 980 2654 ξ.
1003 2607 1053 2644 ιε’.
1076 2610 1315 2657 (quanquam
1339 2608 1392 2646 ibi
1418 2608 1575 2647 fortasse
1599 2610 1648 2649 de

204 2667 290 2716 ipso
312 2667 466 2705 Martis
487 2666 579 2705 colle
599 2667 806 2717 appellatio
826 2669 1046 2713 adhibetur,
1068 2669 1195 2718 potius
1216 2683 1332 2721 quam
1353 2670 1401 2709 de
1422 2671 1646 2711 Senatorum

205 2729 387 2776 concilio)
410 2729 573 2766 Panatli.
601 2741 637 2778 p.
660 2733 751 2767 265.
775 2730 818 2767 B.
840 2730 901 2767 ed.
926 2731 976 2767 H.
1003 2730 1187 2781 Stephan.
1244 2732 1440 2770 Plutarch.
1460 2746 1498 2783 p.
1519 2737 1583 2770 88.
1605 2735 1645 2771 F.

208 2789 434 2828 Aristoteles
456 2790 569 2828 Rhet.
588 2790 613 2828 l.
637 2795 672 2828 l.
695 2793 732 2827 3.
788 2791 979 2829 Aristides
995 2792 1153 2831 Panath.
1173 2806 1210 2843 p.
1227 2797 1291 2831 15.
1309 2794 1352 2830 E.
1410 2794 1644 2844 Usquamne,

206 2848 354 2888 duabus
373 2851 531 2889 vocibus
553 2851 590 2889 in
610 2864 723 2889 unam
748 2851 937 2898 conflatis,
954 2852 1104 2890 dicatur
1121 2854 1367 2905 Ἀμειόπαγος
1388 2856 1445 2892 vel
1468 2862 1506 2892 et
1523 2855 1646 2904 Ἀρεό-

206 2925 342 2958 παγος,
357 2911 504 2962 ignoro.
535 2913 609 2951 Sed
627 2913 729 2962 apud
748 2914 911 2951 Graecos
934 2921 1037 2952 certe
1052 2914 1146 2953 illud
1168 2915 1349 2966 frequens
1367 2929 1439 2957 uon
1461 2922 1536 2964 est3
1557 2928 1640 2953 nam

205 2970 326 3008 Latini
353 2974 559 3024 scriptores
587 2981 808 3012 constanter
834 2975 1100 3027 Areopagum,
1129 2976 1331 3014 consilium
1352 2976 1549 3027 Areopagi
1570 2989 1641 3027 ap-
