1914 3314
634 212 799 254 ΠΕΡΙ
854 211 1195 254 ΕΙΡΗΝΗΣ.

1527 209 1629 255 401

200 320 304 396 περὶ
327 346 380 374 ων
405 323 460 374 (ἓν
486 347 613 376 ocur-oc
641 325 878 394 μέλλωσι
867 325 1252 394 1συμβουλεύσειν
1282 348 1327 376 ου
1354 324 1440 394 μῆν
1462 325 1571 377 αἷλλ
1597 326 1634 376 εἶ

201 397 279 452 καὶ
305 419 405 510 ‘nep‘
431 394 586 449 ἄλλων
611 422 730 450 τινων
755 421 1039 467 πραγματων
1063 395 1249 474 2ἥρμοσε
1277 401 1470 450 τοιαῦτα
1490 418 1632 473 προει-

369 492 601 533 Ῑσυμβουλεὺειι
605 496 653 525 A.
669 497 704 525 L.

200 568 290 597 factis
313 568 500 598 calamitates
531 569 676 604 oriantur,
705 570 894 599 animadver-

202 615 278 639 tunt.
324 610 392 651 (η’.)
410 613 453 641 Ac
470 612 597 651 primum
613 612 736 651 quidem
759 613 797 641 de
820 622 894 651 pace

202 657 233 681 et
250 654 322 692 qnid
336 654 367 683 in
385 655 549 693 praesentia
566 660 716 693 optemus,
733 656 842 684 deinde
858 656 896 683 de

202 695 271 725 aliis
289 697 379 726 rebus
395 707 492 726 sermo
513 698 580 727 erit.
624 697 698 738 (θ’.)
725 698 844 736 Quodsi
866 698 895 726 in

202 739 362 777 praesentia
377 740 583 776 securitatem,
598 741 806 775 necessitates,
825 751 897 770 con-

201 781 336 811 cordiam
361 792 395 811 ac
413 783 520 812 bonam
544 783 624 821 apud
646 783 723 812 alios
743 783 896 812 existima-

201 823 315 854 tionem
339 824 559 860 desideramus,
584 826 694 855 bellum
719 831 801 854 certe
833 826 897 854 haec

201 866 280 895 bona
301 867 388 896 nobis
410 867 536 905 eripuit,
552 876 612 905 pax
633 868 785 901 restituet,
800 873 830 896 et
851 868 898 896 in-

200 918 294 947 super
307 910 345 938 ab
360 909 495 938 externis
512 909 647 938 hostibus
661 910 810 938 liberabit.
835 908 898 947 (ι’.)

201 952 243 981 ΔΙ,
257 960 329 980 vero
349 961 406 980 non
428 951 524 980 solum
542 960 603 989 pax
619 951 756 980 facienda
771 956 830 986 est,
845 952 896 980 sed

199 993 426 1022 deliberandum
457 993 558 1027 ettam,
587 1003 646 1031 qua
672 993 785 1022 ratione
813 993 897 1022 illam

201 1044 427 1071 conservemus,
443 1045 498 1064 nec
513 1040 627 1064 tautum
643 1035 830 1071 dilationem,
843 1035 897 1065 sed

198 1077 391 1117 praesentium
412 1077 556 1107 malorum
581 1078 789 1107 liberationem
813 1078 896 1107 inve-

198 1119 335 1158 niamus3
359 1121 439 1159 quod
456 1120 520 1149 fieri
536 1130 593 1149 non
609 1125 723 1160 potest,
739 1121 796 1150 nisi
811 1121 898 1150 vohis

198 1162 337 1202 pluribus
366 1163 622 1199 demonstravero,
659 1163 791 1202 quietem
830 1173 898 1192 esse

198 1205 398 1235 sollicitudini
438 1206 666 1244 praeferendam,
711 1206 899 1245 improbitati

193 1248 355 1287 justitiam,
371 1258 491 1278 suarum
507 1259 606 1278 rerum
623 1259 722 1278 curam
738 1249 899 1288 cupiditati

199 1291 375 1327 alienarum,
390 1291 449 1321 etsi
465 1291 502 1320 de
523 1291 569 1321 his
591 1292 683 1321 rebus
697 1302 784 1321 nemo
800 1297 899 1322 orato-

198 1343 264 1363 rum
286 1329 443 1373 apud'vos
467 1335 557 1363 verba
577 1335 676 1364 facere
695 1340 821 1364 conatus
843 1340 900 1365 est.

201 1375 286 1418 (ια’.)
297 1378 412 1406 Omnes
426 1377 548 1415 quidem
560 1377 695 1406 homines
710 1377 900 1407 commodum

200 1429 287 1448 suum
311 1423 458 1458 spectant,
483 1420 535 1449 sed
559 1420 635 1449 viam
656 1419 835 1456 nescientes,
855 1420 901 1449 di-

200 1470 306 1491 versas
329 1462 461 1491 rationes
477 1462 590 1492 ineunt.
635 1463 685 1492 Ita
705 1473 760 1491 nos
783 1472 902 1502 quoque

202 1505 379 1534 Graecorum
399 1505 558 1544 imperium
584 1510 772 1545 expetentes,
793 1506 862 1535 dum
884 1516 901 1535 a

201 1552 285 1576 recta
306 1548 355 1577 via
374 1548 558 1584 aberramus,
575 1548 615 1577 nil
639 1548 694 1577 nisi
719 1548 901 1582 inimicitias,

204 1589 284 1619 bella
303 1595 335 1620 et
358 1596 497 1629 sumptus
518 1591 605 1620 nobis
633 1592 780 1629 paramus.
815 1590 900 1631 (ιβ’.)

203 1633 264 1670 Qui
281 1632 431 1670 justitiam
447 1634 600 1672 probatam
616 1633 748 1672 quidem,
765 1634 816 1662 sed
833 1634 899 1662 inu-

191 1675 298 1710 tilem,
314 1675 362 1704 vel
373 1677 474 1714 justos
489 1676 579 1705 etiam
599 1676 772 1706 miseriores
792 1676 900 1706 babent

201 1717 332 1756 injustis,
349 1718 380 1747 in
393 1719 526 1747 maximo
541 1718 591 1747 isti
614 1728 715 1748 errore
731 1724 898 1749 versantur.

191 1760 273 1790 .Sola
288 1760 384 1790 virtus
396 1762 521 1800 ejusque
536 1761 734 1799 parsjustitia
748 1766 806 1798 est,
821 1772 899 1800 quae,

201 1803 260 1832 etsi
282 1812 341 1833 non
366 1813 497 1843 semper,
512 1804 689 1842 plerumque
710 1810 823 1839 tamen,
842 1815 898 1833 non

200 1846 231 1876 in
245 1847 551 1884 praesentia-tantum,
574 1847 626 1876 sed
648 1848 738 1876 etiam
760 1846 791 1874 in
813 1857 899 1876 omne

200 1896 302 1918 aevum'
321 1888 426 1918 felices
451 1899 504 1918 nos
529 1890 647 1919 reddat.
679 1887 762 1930 (ιγ’.)
778 1889 898 1919 Utinam

202 1941 276 1961 vero
297 1941 385 1971 aeque
409 1931 497 1961 facile
520 1932 571 1967 sit,
587 1931 730 1961 virtutem
751 1933 900 1963 extollere

200 1978 294 2012 atque
311 1974 465 2004 auditores
486 1975 608 2004 ad'eam
625 1974 782 2004 colendam
804 1976 898 2005 dedu-

201 2024 282 2051 cere,
295 2022 453 2055 corruptos
469 2026 575 2055 nempe
597 2017 633 2045 ad
650 2017 833 2053 hominibus,
849 2018 900 2057 qui

201 2057 278 2088 nituit
289 2059 370 2088 aliud
385 2068 475 2098 quam
485 2059 627 2099 decipere
644 2061 900 2099 possunt,qoique

202 2102 322 2140 quando
339 2101 550 2141 largitionibus
565 2102 700 2141 corrupti
717 2103 828 2132 bellum
846 2104 900 2133 ali·

201 2144 311 2182 quibus
331 2144 443 2174 inferre
466 2145 580 2180 volunt,
598 2147 726 2184 majores
750 2155 817 2175 esse
833 2145 900 2175 imi—

201 2187 312 2217 tandos
327 2187 431 2217 dicere
444 2188 567 2223 audent,
579 2193 638 2217 etc.
658 2186 738 2229 (ιδ’.)
752 2188 839 2224 Quos
855 2189 901 2219 lu—

201 2229 310 2259 benter
327 2229 556 2269 interrogarem,
576 2236 660 2260 utros
683 2232 828 2269 majorum
847 2242 899 2261 no-

201 2272 252 2302 bis
275 2273 313 2302 ad
338 2272 512 2302 imitandum
533 2273 753 2308 commendent,
775 2283 811 2303 an
835 2284 899 2311 eos,

201 2314 254 2354 qui
266 2320 406 2354 tempore
418 2315 491 2346 belli
507 2316 625 2346 Persici
641 2316 774 2352 fuerunt,
790 2326 825 2346 an
847 2318 898 2356 qui

200 2362 269 2387 ante
284 2356 397 2387 bellum
413 2358 589 2388 Decelicum
604 2359 820 2398 rempublicam
830 2370 900 2398 ges-

199 2405 318 2430 serunt.
361 2401 490 2440 Loquar
495 2408 530 2430 au
542 2405 669 2438 taceam,
684 2402 800 2432 dubito.
823 2402 881 2443 (ιε’
886 2403 901 2443 )

200 2444 377 2482 Quanquam
401 2448 500 2473 autem
520 2444 644 2482 gravius
670 2444 834 2475 irascimini
850 2445 900 2482 iis,

192 2486 255 2525 -qui
284 2485 396 2516 delicta
420 2491 523 2516 vestra
549 2486 782 2525 reprehendunt,
811 2498 899 2527 quam

201 2529 346 2558 malornm
375 2533 544 2558 vestrorum
576 2529 758 2565 auctoribus,
789 2535 900 2566 tamen,

200 2572 273 2611 quia
294 2571 419 2610 aegrotis
443 2571 549 2601 animis
563 2571 676 2601 nullum
698 2573 778 2602 aliud
802 2584 899 2603 reme-

201 2614 285 2644 dium
300 2619 359 2649 est,
373 2623 461 2654 quam
476 2614 572 2644 libere
591 2615 814 2653 reprehendens
836 2627 898 2646 ser-

201 2666 263 2693 mo,
275 2666 360 2687 meus
374 2657 482 2696 patriae
495 2666 578 2687 amor
587 2657 732 2696 postolat,
748 2663 780 2687 ut
795 2659 900 2698 loquar

203 2696 239 2728 ac
260 2700 442 2738 vituperem.
464 2699 546 2740 (ag-¹.)
569 2700 739 2730 laudamus
761 2702 899 2739 majores,

203 2741 327 2781 itttsque
341 2743 493 2772 contraria
503 2742 639 2773 facimus.
671 2743 724 2772 Illi
739 2743 817 2773 enim
827 2755 899 2774 con-

204 2789 251 2814 tri
259 2785 413 2815 barbaros
436 2791 619 2825 pugnarunt,
639 2785 758 2816 Graecis
780 2787 899 2817 liberta-

205 2830 267 2856 tem
280 2828 449 2862 donarunt,
464 2838 521 2868 pro
537 2830 710 2858 Graecorum
735 2829 832 2859 salute
851 2840 899 2859 ur-

206 2866 279 2899 bern
291 2876 374 2900 sunm
389 2871 584 2910 reliquerunt,
596 2882 650 2901 nos
666 2881 739 2901 vero
754 2871 900 2903 adversus

207 2911 331 2942 Grecos
347 2922 416 2943 cum
431 2914 547 2945 Graecis
562 2914 708 2944 militibus
722 2924 901 2954 pugnamus,

207 2954 332 2985 Grecos
361 2956 506 2987 servitute
533 2957 744 2998 opprimimoS,
772 2968 809 2988 ne
843 2968 900 2998 pro

208 2996 416 3036 emptitio-ndo
432 2999 554 3039 quiden
568 3001 723 3032 dominatu
738 3005 840 3031 nostro
854 3001 902 3032 di-

1175 492 1359 534 2ἥρμοζεΑ.
1375 494 1410 523 C.
1428 495 1462 524 L.

928 569 1041 598 micare
1056 568 1203 603 volumus,
1221 568 1280 608 ipsi
1300 567 1470 607 indigentes
1485 570 1576 598 rebus
1592 570 1629 598 ad

929 612 1042 641 victum
1071 611 1261 645 necessariis,
1291 612 1480 650 peregrinum
1504 611 1629 641 militem

930 664 1059 692 eumque
1082 654 1162 682 omni
1187 653 1367 692 flagitiorum
1395 664 1505 692 genere
1526 664 1629 684 corru-

930 697 1100 735 piissimum
1131 695 1210 725 alere
1242 706 1395 731 conamur,
1426 696 1630 727 conductitios

929 739 1041 768 milites
1057 739 1140 777 gravi
1158 744 1307 768 armatura
1322 738 1491 777 dignamur,
1502 745 1532 769 et
1545 739 1630 770 cives

930 782 1077 821 remigare
1098 782 1247 820 cogimus.
1271 780 1353 821 (ιζ’.)
1370 782 1479 811 Verum
1498 792 1556 811 non
1573 782 1630 812 mi-

930 824 1003 854 litiae
1019 824 1127 858 solum,
1143 825 1196 853 sed
1211 825 1301 853 etiam
1320 824 1402 853 domi
1417 824 1581 854 deterrime
1595 834 1630 854 ac

931 867 1193 904 perturbatissime
1216 877 1264 895 res
1293 872 1412 896 nostras
1440 867 1630 896 administra-

930 918 1008 943 mus,
1017 908 1183 943 civitatem,
1200 918 1258 946 qua
1274 909 1447 947 gloriamur,
1461 909 1560 938 cuivis
1575 911 1630 938 im-

930 950 1333 988 pertientes,leges,quarum
1344 951 1486 989 plurimas
1497 952 1631 986 ferimus,

931 992 1032 1022 ubivis
1042 992 1242 1030 negligentes,
1257 993 1329 1022 belli
1347 993 1549 1022 concitatores
1565 998 1629 1022 tan'-

931 1044 1018 1073 quam
1049 1035 1242 1064 democratiae
1270 1036 1404 1064 fautores
1437 1036 1631 1071 aestimantes‚

931 1077 1092 1106 sententias
1115 1076 1143 1106 in
1159 1078 1304 1107 concione
1329 1088 1449 1116 semper
1469 1083 1631 1115 mutantes,

931 1120 1082 1158 pessimos
1105 1120 1291 1150 consultores
1311 1120 1501 1155 adhibentes,
1520 1121 1632 1159 impro-

932 1162 1074 1192 bissimos
1097 1162 1208 1193 civium
1234 1163 1427 1192 fidelissimos
1455 1163 1632 1203 reipublicae

932 1205 1074 1235 custodes
1089 1205 1311 1241 existimantes,
1326 1216 1378 1235 eos
1387 1206 1527 1244 denique,
1540 1208 1632 1245 aqui-

931 1249 988 1278 bus
1008 1258 1095 1277 uemo
1113 1248 1162 1277 vel
1176 1250 1215 1279 de
1235 1249 1363 1288 privatis
1381 1249 1429 1278 vel
1449 1249 1488 1278 de
1503 1249 1634 1288 publicis

932 1292 1023 1320 rebus
1038 1291 1197 1320 consilium
1210 1297 1340 1330 peteret,
1357 1301 1472 1321 summa
1487 1296 1633 1332 potestate

931 1333 1096 1363 instructos
1115 1333 1297 1364 emittentes.
1337 1332 1418 1375 (ιη’.)
1433 1334 1533 1364 Causa
1550 1345 1633 1369 vero,

933 1386 1026 1415 quare
1055 1381 1115 1406 tam
1140 1376 1216 1406 male
1236 1376 1324 1406 nobis
1351 1377 1544 1407 consulentes
1574 1388 1632 1407 non

934 1419 1099 1448 incolumes
1110 1423 1234 1454 tantum,
1246 1421 1300 1449 sed
1308 1419 1398 1449 etiam
1415 1419 1496 1449 nulla
1511 1420 1634 1450 civitate

935 1461 1042 1501 opibus
1072 1472 1107 1491 ac
1130 1463 1263 1500 potentia
1284 1462 1445 1492 inferiores
1473 1462 1579 1498 simus,
1603 1463 1634 1492 in

934 1504 1066 1534 hostium
1087 1510 1255 1534 nostrorum
1274 1506 1382 1534 erratis
1398 1506 1561 1544 quaerenda
1576 1511 1633 1540 est,

935 1547 964 1576 in
981 1548 1091 1586 quibus
1110 1547 1215 1577 salutis
1238 1558 1309 1586 spes
1329 1548 1412 1577 nullo
1426 1548 1518 1577 modo
1533 1549 1563 1577 in
1578 1559 1633 1588 po-

935 1595 1047 1619 sterum
1060 1590 1233 1619 collocanda
1242 1590 1309 1619 erit.
1335 1589 1414 1631 (ιέ.)
1424 1591 1472 1620 Ne
1483 1591 1552 1630 quis
1563 1601 1634 1620 vero

935 1642 1049 1667 eorum,
1072 1633 1121 1671 qui
1144 1633 1252 1662 saniori
1270 1639 1370 1662 mente
1395 1639 1477 1670 sunt,
1492 1632 1566 1662 mihi
1581 1635 1633 1662 ob-

931 1675 1028 1713 Jiciat,
1043 1675 1214 1714 vituperare
1226 1675 1344 1705 facilius
1353 1686 1421 1705 esse
1432 1685 1520 1714 quam
1532 1686 1633 1705 emen-

935 1718 1018 1754 dare,
1040 1718 1190 1756 equidem,
1216 1728 1306 1757 quum
1329 1719 1426 1748 libere
1453 1718 1556 1747 dicere
1581 1727 1634 1757 ag-

935 1770 1059 1798 gressus
1084 1761 1152 1794 sim,
1173 1761 1238 1799 pari
1261 1761 1352 1790 modo
1379 1761 1417 1790 de
1441 1760 1512 1790 mali
1536 1761 1634 1791 nostri

933 1803 1089 1832 curatione
1105 1804 1188 1842 loqui
1206 1813 1343 1842 pergam.
1386 1801 1456 1844 (κ’.)
1471 1804 1552 1833 Vera
1567 1803 1633 1842 qui‘

934 1845 1001 1874 dem
1018 1845 1074 1875 erit
1090 1846 1187 1876 oratio
1202 1852 1314 1881 nostra,
1331 1846 1386 1876 sed
1407 1846 1485 1875 haud
1497 1847 1634 1885 jucunda

933 1889 1034 1922 vobis,
1051 1899 1109 1927 qua
1125 1888 1295 1924 ostendam,
1313 1889 1465 1927 quomodo
1480 1889 1516 1917 ad
1534 1889 1633 1927 pieta·

934 1937 1005 1966 tem,
1019 1932 1253 1960 moderationem
1270 1936 1300 1961 et
1316 1931 1477 1970 justitiam,
1494 1937 1633 1969 tanquam

932 1973 1088 2003 felicitatis
1097 1974 1462 2013 fundamenta,pervenire
1469 1975 1635 2013 possimus.

933 2015 1023 2056 (κε’.)
1047 2016 1123 2046 Pars
1137 2017 1240 2046 altera.
1285 2018 1403 2047 Censeo
1424 2016 1530 2056 igitur,
1545 2022 1574 2046 et
1591 2017 1634 2047 fe·

934 2059 1057 2089 liciores
1082 2065 1112 2090 et
1138 2059 1277 2089 meliores
1301 2071 1355 2089 nos
1381 2061 1456 2095 fore,
1483 2060 1509 2089 si
1540 2059 1634 2089 maris

934 2102 1105 2141 imperium,
1122 2103 1203 2141 quod
1226 2103 1354 2132 omnium
1378 2103 1529 2132 malorum'
1543 2110 1634 2133 causa

934 2145 1001 2180 suit,
1025 2146 1243 2184 concupiscere
1266 2145 1484 2180 destiterimus,
1508 2145 1633 2175 demouss

934 2193 1094 2224 straturus,
1111 2188 1185 2217 illud
1206 2198 1301 2226 neque
1316 2190 1431 2226 justum
1451 2197 1521 2217 esse
1535 2196 1633 2226 neque

934 2231 1017 2266 utile,
1033 2240 1130 2270 neque
1145 2230 1277 2279 denique
1291 2230 1407 2270 acquiri
1423 2240 1525 2270 posse.
1541 2229 1614 2271 (ιβ’.
1618 2230 1633 2271 )

934 2274 979 2302 Ac
1005 2274 1132 2313 primum
1154 2273 1297 2312 injustum
1320 2283 1402 2307 esse,
1418 2283 1435 2302 a
1451 2272 1538 2303 vobis
1556 2273 1633 2312 ipsis

932 2315 1039 2352 didici,
1064 2317 1178 2365 quippe
1207 2317 1270 2355 qui,
1294 2325 1384 2355 quum
1413 2316 1632 2346 Lacedaemonii

933 2359 1020 2388 istam
1031 2359 1195 2398 potentiam
1209 2363 1357 2394 tenerent,
1367 2367 1517 2398 nunquam
1528 2367 1632 2388 eorum

932 2402 1133 2440 principatum
1158 2410 1301 2431 accusare
1323 2401 1513 2437 cessavistis,
1533 2411 1631 2441 neque

933 2445 1017 2483 prius
1041 2444 1214 2480 destitistis,
1226 2450 1306 2474 terra
1328 2444 1463 2484 marique
1486 2453 1631 2484 pugnare,

933 2497 1020 2526 quam
1045 2487 1264 2517 Lacedaemonii
1287 2488 1325 2517 de
1345 2487 1485 2517 libertate
1508 2487 1630 2516 Graeco-

933 2540 998 2559 rum
1037 2530 1151 2559 foedera
1187 2531 1287 2560 facere
1323 2529 1495 2560 voluerunt.
1539 2529 1603 2571 (κγ’
1605 2530 1631 2571 .)

934 2572 1054 2602 Deinde
1064 2572 1115 2611 qui
1130 2583 1292 2612 possumus
1307 2572 1338 2602 in
1353 2572 1495 2612 praesenti
1507 2573 1632 2612 penuria

933 2625 995 2644 rem
1010 2625 1194 2654 comparare,
1211 2626 1298 2654 quam
1316 2616 1346 2645 in
1365 2616 1521 2655 praeterita
1536 2616 1632 2645 abun-

933 2658 1034 2687 dantia
1054 2658 1219 2694 amisimus,
1237 2658 1275 2688 iis
1298 2660 1463 2698 praesertim
1484 2658 1631 2688 institutis

935 2701 993 2735 usi,
1015 2701 1126 2739 quibus
1149 2711 1207 2730 non
1231 2701 1457 2741 acquisivimus,
1477 2711 1554 2736 eam,
1577 2701 1631 2730 sed

932 2743 1110 2773 amisimus?
1141 2743 1227 2784 (κδ’.)
1246 2743 1417 2783 Antequam
1432 2754 1506 2773 vero
1522 2745 1558 2773 ad
1572 2749 1631 2772 ter-

933 2786 1007 2815 tium
1017 2787 1203 2825 progrediar,
1214 2787 1361 2826 vobisque
1372 2788 1446 2817 hanc
1456 2791 1632 2826 potestatem

933 2828 1068 2858 inutilem
1076 2837 1144 2859 csse
1151 2830 1367 2864 demonstrem,
1377 2830 1485 2859 iterum
1496 2829 1631 2867 quaedam

935 2872 1052 2911 praefari
1071 2881 1175 2912 cogor,
1190 2883 1227 2902 ne
1246 2874 1350 2903 urbem
1373 2872 1520 2911 imprimis
1543 2880 1632 2899 accu-

936 2924 1003 2944 sare
1019 2915 1186 2945 instituisse
1203 2916 1320 2945 videar.
1342 2913 1426 2955 (ne'.)
1444 2914 1522 2944 Nolo
1533 2920 1631 2942 autem

936 2967 991 2987 vos
1006 2958 1087 2998 apud
1109 2958 1186 2988 alios
1211 2958 1375 2993 criminari,
1391 2958 1443 2986 sed
1464 2966 1480 2984 a
1502 2965 1632 2995 praesen-

935 2999 1019 3030 tibus
1044 3001 1153 3031 studiis
1173 3001 1334 3031 abducere.
1384 3000 1476 3034 Hinc,
1495 3000 1632 3036 quamvis

939 3045 957 3073 3
975 3053 989 3072 r
