1924 3314
499 233 583 275 DE
614 235 757 278 VITA
790 233 1124 280 ISOCRATIS,
1157 232 1284 274 ETC.
1588 234 1612 273 7

157 352 208 400 ,et
227 346 332 396 quod
350 359 477 397 neque
497 348 660 397 primam
679 349 892 388 editionem
910 348 1065 387 abolere
1089 348 1210 395 licuit,
1239 359 1371 398 neque
1390 345 1468 386 nlla
1487 349 1618 399 cujus-

168 419 283 457 quam
308 409 523 452 conversio,
547 423 662 460 quam
693 410 852 461 quidem
874 424 945 448 nos
967 410 1187 456 viderimus,
1208 415 1340 448 nostra
1364 409 1503 448 melior
1529 422 1617 449 suc—

167 469 306 513 cessit3
329 472 422 507 κατὰ
450 470 516 508 τὸν
544 471 710 522 δεύτερόν
737 481 829 524 φασι
857 471 1062 518 πλοῦν,ἐι(1
1089 470 1408 521 recognitionem,
1435 477 1618 522 tanquam

167 541 233 566 eos
254 531 321 579 qui
341 531 378 568 in
402 532 596 570 Ecclessia
618 534 715 584 lapsi
736 541 838 581 sunt,
859 534 909 572 ad
931 534 1211 586 poenitentiam,
1234 533 1469 585 confugisse.

424 629 513 658 Nunc
526 631 687 667 postquam
703 639 758 659 nos
774 629 854 659 alma
868 629 962 659 Ceres
978 629 1103 659 meliore
1118 629 1222 659 beavit

466 678 581 716 Fruge,
600 678 718 714 damus,
735 680 824 708 nobis
838 681 918 717 quod
932 680 1020 709 dedit
1034 680 1112 708 alma
1127 680 1233 709 Ceres.

168 767 266 804 Nam
282 773 319 804 et
336 767 481 818 optima
499 781 665 817 quaeque
684 768 795 804 nobis
808 767 1024 817 spectanda
1040 772 1148 805 sunt:
1167 774 1206 805 et
1222 780 1343 817 quum
1357 781 1401 806 ea
1417 774 1622 818 negantur,

166 828 203 865 iu
226 828 297 865 hac
317 828 583 866 consolatione
601 828 943 876 acquiescendum,
965 828 1074 877 quod
1095 828 1290 866 meliorem
1311 835 1459 878 partem
1480 832 1622 869 scimus

167 902 189 925 a
221 889 367 937 majore
394 888 510 933 vinci,
534 901 638 937 quae,
671 889 950 938 perspicuitate
971 894 1114 926 nostrae
1143 888 1406 926 conversionis
1426 897 1621 937 contenta,

167 948 373 986 verborum
393 954 570 985 ornatum
592 961 669 986 non
689 961 923 999 magnopere
944 949 1128 999 requirat.
1160 949 1222 986 Sin
1244 948 1337 986 illud
1359 950 1474 988 etiam
1495 962 1624 989 acces-

167 1009 272 1055 serit,
303 1015 346 1048 ut
375 1009 497 1059 aliqui
531 1009 622 1060 styli
653 1023 813 1060 quoque
843 1010 998 1048 laudem
1025 1010 1249 1049 nonnullam
1283 1016 1348 1048 aut
1375 1011 1509 1050 saltem
1536 1011 1624 1050 dili-

166 1070 306 1120 gentiae
339 1070 432 1108 mihi
465 1071 649 1118 tribuant,
698 1071 835 1121 quidni
867 1073 1056 1123 praeclare
1088 1085 1241 1111 mecum
1272 1079 1402 1111 actum
1446 1073 1624 1122 putabo?

168 1133 322 1171 Severis
341 1139 471 1171 autem
498 1133 583 1171 istis
606 1134 849 1180 censoribus,
868 1137 955 1186 οὒχὶ
977 1135 1046 1186 μὲν
1072 1138 1214 1173 κλαίειν
1243 1136 1303 1172 καὶ
1327 1135 1497 1186 οἰμώζειν
1523 1137 1624 1184 λέγω

167 1194 358 1244 (Σκυθικὸν
389 1198 464 1246 γάρ
484 1197 591 1234 τοῦτό
623 1212 678 1244 γε,
713 1198 772 1232 καὶ
804 1199 892 1234 λίαν
922 1198 1016 1240 ἰ’σως
1038 1199 1355 1249 φιλαπέχθημον),
1383 1197 1502 1242 ἀλλὰ,
1534 1199 1629 1235 :card

166 1255 311 1294 Βιάντα
330 1257 394 1295 τὸν
415 1258 544 1307 σοφὸν,
567 1259 735 1309 κρόμμυα
756 1257 920 1297 goslar:
943 1265 986 1297 ut
1006 1260 1187 1310 lacrymis
1203 1258 1423 1304 oculorum,
1443 1257 1525 1296 sine
1546 1258 1625 1296 ullo

167 1318 286 1356 animi
322 1318 470 1365 dolore,
503 1319 696 1369 impediti,
733 1320 858 1357 minus
892 1325 1007 1358 acute
1042 1320 1283 1371 perspiciant
1321 1326 1449 1357 errata
1481 1325 1625 1358 nostrae

168 1379 368 1426 orationis,
386 1385 424 1417 et
439 1380 546 1418 ideas
563 1380 784 1419 Platonicas
805 1386 844 1419 et
863 1382 1055 1420 Zenonias
1073 1382 1264 1420 somniare
1294 1381 1498 1427 desistant,
1527 1387 1567 1419 et
1586 1382 1626 1419 in

169 1453 210 1477 se
230 1440 303 1490 ipsi
321 1441 604 1480 descendentes
626 1443 801 1492 cogitent
821 1457 940 1493 quam
960 1443 1082 1482 multa
1101 1449 1142 1481 et
1161 1442 1331 1482 dixerint
1350 1449 1388 1480 et
1409 1442 1573 1480 fecerint
1588 1449 1627 1480 et

168 1501 408 1551 scripserint,
429 1515 515 1551 quae
536 1516 642 1542 nunc
666 1503 697 1540 si
721 1504 849 1542 omnia
875 1505 930 1542 eis
957 1510 1086 1543 essent
1106 1505 1270 1554 integra,
1289 1509 1438 1541 mutata
1466 1503 1625 1541 vellent.

171 1562 289 1605 Quod
311 1563 393 1600 siin
410 1563 578 1601 moribus
599 1571 637 1603 et
651 1564 742 1610 vita,
767 1577 854 1613 quae
876 1565 979 1603 omni
999 1572 1111 1615 gestu
1127 1564 1379 1609 moderatior,
1394 1564 1498 1601 omni
1514 1576 1628 1601 versu

171 1624 299 1674 aptior
329 1637 413 1662 esse
444 1624 576 1670 debet,
605 1638 834 1663 concessum
867 1633 926 1663 est
954 1625 1255 1677 παλινδρομῆσαι
1278 1627 1429 1676 μᾶλλον
1462 1626 1485 1669 ἢ
1512 1631 1628 1667 κακῶς

174 1685 340 1736 δραμεῖν,
359 1685 441 1723 siin
455 1698 533 1723 uno
548 1686 744 1736 epistolio,
760 1686 865 1737 quod
885 1687 933 1724 ad
956 1700 1136 1737 magnum
1156 1687 1374 1738 principem
1393 1686 1499 1737 gravi
1519 1685 1567 1724 de
1587 1699 1628 1723 re

170 1746 368 1793 scribitur,
385 1747 506 1784 multa
526 1746 719 1793 delentur,
742 1747 928 1785 nonnulla
944 1747 1155 1792 adduntur,
1176 1760 1253 1784 non
1273 1759 1400 1797 pauca
1415 1752 1628 1793 mutantur,

168 1813 207 1845 et
226 1819 331 1857 saepe
350 1806 400 1844 de
417 1819 493 1844 uno
509 1806 629 1845 verbo
646 1808 888 1857 scrupulosae
903 1809 1094 1845 exsistunt
1108 1807 1404 1858 disputatione5‚
1426 1821 1496 1846 cur
1516 1808 1628 1845 nobis

171 1881 215 1905 ea
235 1867 512 1914 scribentibus,
527 1880 616 1917 quae
632 1868 680 1906 ad
700 1867 927 1906 memoriam
942 1868 1180 1918 posteritatis
1200 1867 1409 1918 pertinent,
1425 1871 1447 1913 ἡ
1463 1875 1534 1907 τῶν
1554 1868 1629 1905 δευ-

169 1933 287 1982 τέρων
307 1929 512 1982 φροντίδων
532 1930 604 1967 ε’ἱτε
621 1931 803 1978 μετάνοια
821 1930 892 1967 ε’ἱτε
920 1931 979 1967 καὶ
1007 1931 1163 1980 πρόνοια
1179 1930 1370 1978 negetur'l
1418 1929 1498 1967 Sed
1522 1934 1560 1967 et
1579 1929 1628 1967 de

172 2004 246 2036 ine,
268 1997 307 2030 et
326 1991 374 2029 de
394 1990 539 2041 ignavis
558 1996 677 2040 atque
699 1989 860 2040 ingratis
883 2003 1054 2028 mearum
1077 1990 1393 2029 lucubrationum
1415 1989 1571 2037 Momis,
1592 1990 1628 2027 οἵ

171 2067 269 2094 τινες
291 2053 384 2103 ῥᾷον
402 2053 450 2089 ἂν
470 2055 568 2103 ἡμᾶς
590 2053 828 2103 μωμήσαιντο
846 2053 869 2097 ἢ
887 2054 1129 2103 μιμήσαιντο,
1148 2051 1235 2101 plus
1255 2050 1362 2089 satis.

225 2114 310 2164 Ego
345 2113 509 2164 praestiti
543 2113 648 2164 quod
671 2113 779 2151 licuit
795 2120 834 2150 et
859 2113 970 2163 potui
996 2113 1192 2164 facileque
1218 2112 1348 2164 patior
1376 2125 1456 2160 eOS,
1485 2113 1628 2163 quibus

172 2180 303 2214 nostra
337 2174 561 2226 displicent,
592 2174 685 2212 alios
717 2174 902 2213 Isocratis
936 2187 1113 2224 quaerere
1143 2174 1388 2225 interpretes,
1422 2174 1488 2225 qui
1522 2188 1628 2213 com-

171 2237 300 2287 plures
326 2235 502 2275 fuerunt:
535 2236 585 2274 de
619 2236 762 2287 quibus
795 2249 868 2288 ego
890 2236 1118 2282 recensebo,
1138 2249 1238 2286 quos
1270 2235 1364 2274 mihi
1383 2235 1514 2274 videre
1537 2250 1629 2275 cou-

172 2299 270 2349 tigit.
332 2298 550 2337 Paraenesin
578 2297 696 2348 igitur
727 2297 1002 2349 interpretatus
1033 2303 1094 2336 est
1127 2297 1320 2335 Antonius
1355 2297 1517 2343 Luscus,
1549 2299 1628 2336 Ro-

172 2360 341 2410 dolplrus
387 2359 585 2409 Agricola,
638 2359 861 2397 Ioachimus
899 2358 1155 2404 Camerarius,
1201 2357 1396 2397 Antonius
1446 2359 1629 2404 Schorus,

169 2421 345 2460 Andreas
379 2420 571 2459 Sidelius:
617 2419 845 2459 Orationem
874 2419 923 2459 de
953 2433 1073 2471 regno
1103 2419 1152 2458 ad
1187 2419 1405 2466 Nicoclem,
1431 2421 1626 2458 Martinus

170 2483 399 2529 Phileticus,
412 2481 594 2520 Erasmus
612 2482 912 2531 Roterodamus‚
928 2481 1102 2520 Thomas
1119 2481 1393 2532 Naogeorgus:
1424 2481 1628 2521 Nicoclem

171 2549 210 2583 et
221 2545 453 2594 Evagmaen,
467 2543 656 2582 Claudius
672 2543 898 2587 Baduellus,
922 2555 1013 2581 sane
1027 2555 1143 2593 qnam
1161 2542 1375 2594 eleganter,
1396 2544 1464 2595 qui
1480 2543 1628 2582 utinam

172 2611 297 2645 totum
326 2605 536 2642 Isocratem
567 2604 871 2643 convertendum
892 2604 1141 2655 sumpsisset;
1168 2604 1223 2643 sic
1252 2605 1355 2643 enim
1391 2617 1474 2643 mea
1508 2618 1630 2656 opera

172 2678 415 2718 nequaqnam
435 2664 570 2703 fuisset
591 2678 711 2716 opus:
743 2666 972 2716 Evagoram,
993 2666 1170 2716 Baptista
1186 2666 1399 2712 Guarinus,
1416 2667 1627 2705 Matthaeus

175 2728 366 2765 Dreserus
384 2739 393 2764 ε
431 2726 758 2776 Areopagiticum‚
807 2728 972 2764 Ioannes
1005 2726 1226 2765 Ludovicus
1267 2727 1395 2773 Vives,
1437 2734 1475 2766 et
1514 2728 1628 2765 Vitus

177 2787 476 2838 Amerpachius:
507 2787 734 2825 Orationem
755 2794 889 2825 contra
910 2788 1128 2838 Sophistas,
1146 2788 1453 2839 Christophorus
1475 2789 1630 2839 Hegen-

174 2849 363 2893 dorfinus,
400 2849 512 2887 Vitus
541 2848 844 2898 Amerpachius;
878 2849 1058 2900 idemque
1093 2855 1132 2887 et
1162 2849 1364 2888 Nicoclem
1398 2856 1436 2887 et
1469 2849 1630 2887 Helenae

171 2910 433 2949 laudationem
471 2916 510 2948 et
547 2909 762 2948 Busiridem
809 2916 849 2948 et
884 2910 1097 2949 Plataicum
1148 2917 1187 2949 et
1229 2911 1278 2949 de
1326 2910 1629 2954 Permutatione,

174 2972 449 3010 Archidamum
481 2973 586 3015 item,
616 2983 729 3021 quem
761 2977 798 3008 et
822 2971 1047 3011 Victorinus
1077 2971 1302 3022 Strigelius:
1352 2970 1626 3021 philippicam,
