1924 3314
461 204 654 249 ΠΡΟΣ
697 203 1197 248 ΔΗΜΟΝΙΚΟΝ.

1478 197 1550 255 93

88 322 185 392 μὲν,
211 321 428 393 μάλιστα
456 319 498 374 δὲ
530 321 658 393 μετ-οὶ
685 321 766 384 τῆς
796 318 986 379 πόλεως
1019 316 1132 373 οὕτω
1163 344 1254 388 ’γαρ
1284 316 1473 385 ὃόξεις’
1450 314 1555 388 οἶμοι

51 419 143 448 ετε
181 407 272 456 τοῖς
316 397 437 456 θεοῖς
477 396 594 449 θύειν
634 421 713 449 και
765 402 857 455 τοῖς
896 394 1038 466 νόμοις
1077 393 1290 466 ἔμμενειν.

1343 393 1558 451 Τοιουτος

91 469 250 538 γίγνου
274 470 382 574 περὶ
411 496 512 532 Toug·
535 495 690 539 ῪΟνΕίς,
712 468 823 531 ΟΙΙθυς
840 470 894 523 ἀν
921 468 1070 536 ΕυΙξΟίΙΟ
1094 493 1223 563 περί
1227 492 1415 522 ‹55oeva
1433 465 1558 534 ῪΕΙΙΕΙ·

94 547 212 598 σθαι
238 571 337 606 τους
362 547 571 599 1σεοιυτου
553 544 781 606 παῖδας.

834 544 998 598 ἸΑσ-κει
1017 569 1105 598 των
1125 568 1237 637 περι
1245 569 1298 596 το
1320 544 1456 611 σῶμα
1475 563 1561 608 «γυ-

95 645 296 691 μνασιων
321 623 385 690 μὴ
411 623 475 674 ra?
494 646 600 698 προς
620 622 696 684 τὴν
717 619 875 692 ῥωμην,
896 620 1032 673 οἷλλα
1058 620 1122 708 τὀὶ
1147 618 1261 695 πρὸς
1286 618 1364 681 τὴν
1388 617 1561 685 υγιέιαν

55 705 80 739 5
99 719 154 748 σ·υ
156 698 397 772 μφίξοντα.
429 699 583 750 τούτου
610 695 653 749 ὃ
677 697 732 749 οἳν
757 694 1037 762 Ζέπιτύχοις,
1061 695 1097 747 εἷ
1114 693 1301 761 3λήγοις
1321 718 1408 746 των
1427 692 1564 746 πόνων

101 768 166 822 ’ἔτι
194 781 335 823 πονεῖν
351 769 592 843 δυναμενος.
634 771 766 833 Μήτε
796 770 984 837 ’γέλωτα
1010 793 1214 838 προπετη
1233 792 1423 861 στεξγε,
1448 765 1565 858 μήτε

100 845 234 911 λόγον
261 845 389 914 μετ-οὶ
416 845 626 930 θράσους
633 843 878 911 οἷποὸεχου·
907 869 959 896 το
986 842 1065 914 μὲν
1091 842 1183 919 *γοὶξ
1211 843 1408 905 οἷνόητον,
1435 866 1487 893 το
1522 837 1566 892 δε

99 919 303 989 μανικόν.
334 918 395 969 A
414 929 548 972 ποιεῖν
575 917 786 1011 αἷσχξον,
805 942 962 971 ταυτα
983 917 1132 991 νομιζε
1151 915 1260 989 pande
1288 917 1435 983 λέγειν
1462 938 1569 967 ειναι

102 991 259 1045 καλου.
289 992 490 1066 ’'E-&1521
502 1017 693 1046 &ean-rou
711 1001 817 1046 εἶναι
832 1019 896 1064 μη
884 992 1212 1069 σκυθρωπον,
1233 990 1368 1045 οἷλλοέ
1384 988 1565 1043 σύννουν·
1589 1004 1616 1039 4

190 1101 479 1132 ¹cawr....ACL

105 1178 340 1214 terrestres,hoc
349 1181 407 1214 est,
423 1181 603 1216 praestantes
613 1177 726 1207 virtute
739 1177 822 1207 viros

106 1232 176 1251 cum
198 1220 373 1260 Pythagora
399 1221 538 1251 honorari
555 1221 621 1251 vult
643 1221 769 1257 Noster,
785 1221 824 1250 de

106 1265 218 1304 quibus
235 1265 296 1304 legi
312 1270 470 1294 merentur
485 1265 603 1294 Theod.
621 1264 754 1294 Marcilii
772 1274 824 1293 an-

108 1312 212 1338 notata
228 1308 265 1338 ad
283 1308 464 1347 Pythagorae
477 1318 570 1337 carm.
587 1318 652 1337 aur.
666 1318 695 1337 v.
710 1310 740 1339 3.
756 1317 824 1347 quae

109 1352 253 1391 adjuncta
283 1356 353 1381 sunt
380 1351 540 1381 Hieroclis
565 1352 770 1381 Commentar.
794 1351 825 1379 in

110 1396 179 1425 ead.
194 1406 224 1435 p.
233 1398 307 1427 348.
319 1406 382 1434 seq.
397 1394 825 1425 ed.Lond.MDCLXXIlI.

112 1440 232 1470 ancx.

155 1482 239 1512 Μετιὶ
254 1484 306 1517 τῆς
321 1480 445 1522 πόλεως]
471 1480 514 1511 Ἐν
526 1479 570 1515 αἷς
585 1480 700 1523 ἡμέραις
716 1481 729 1511 ἦ
745 1480 828 1515 πόλις

114 1524 190 1555 εἴωθε
203 1524 295 1566 τιμᾷν
309 1525 342 1555 τὸ
359 1525 495 1564 δαιμόνιον
511 1525 620 1566 ἑορταῖς
634 1525 683 1555 καὶ
710 1523 827 1558 Ova-laic.

116 1570 200 1599 Con.

159 1612 244 1641 Μετὰ
271 1612 322 1643 τῆς
350 1609 470 1651 πόλεως]
497 1610 607 1640 Cultus
630 1617 679 1641 est
701 1611 826 1641 honoris

118 1654 250 1694 signum.
294 1654 343 1683 Ao
373 1655 511 1692 privatus
549 1653 674 1693 quidem
710 1654 832 1683 lionoris

117 1698 234 1737 exigui.
279 1697 338 1727 llle
361 1698 481 1727 demum
507 1697 609 1736 magui
636 1697 761 1737 verique
777 1697 832 1727 Ιιο-

117 1741 345 1779 norisss‘signum
363 1747 421 1777 est,
438 1741 467 1770 in
498 1750 588 1779 quem
613 1740 700 1771 cives
727 1751 833 1771 omues

117 1784 241 1823 publice
255 1783 459 1814 consentiunt.
484 1783 586 1814 Face.

160 1828 291 1860 Τοιοῦτος
305 1825 378 1866 γίνου
392 1827 513 1868 ιι.τ.λ.]
531 1827 693 1866 Sumptum
705 1838 743 1857 ex
754 1827 833 1857 Tha-

117 1871 179 1902 lete
194 1872 275 1911 apud
288 1871 459 1910 Diogenem
472 1871 572 1900 baert.
585 1870 608 1899 l.
620 1871 648 1900 Ι.
664 1881 761 1910 segin.
778 1872 832 1900 :37-

118 1915 225 1946 Imffl.
249 1913 387 1944 Thaletis
411 1914 571 1949 sententia,
593 1915 750 1944 crebriore
774 1923 833 1943 usn

118 1959 307 1993 confirmata,
324 1958 387 1987 haec
404 1962 452 1987 est
468 1967 475 1986 ε
499 1957 543 1991 οὓς
563 1957 598 1987 ἂν
614 1956 717 1998 ἐράνους
733 1955 833 1989 εἰσενέ-

119 2012 189 2042 γκῃς
216 2002 277 2034 τοῖς
302 2001 421 2038 γινεῦσι,
451 2002 515 2034 τοὺς
546 2000 648 2034 αὐτοὺς
672 2000 834 2042 προσδέχου

119 2044 167 2074 καὶ
183 2046 260 2084 παρὰ
275 2046 331 2075 τῶν
347 2042 457 2073 τέκνων.
482 2045 607 2074 Fnicn.

157 2087 258 2127 Γονεῖς]
268 2087 399 2117 Nomine
408 2094 506 2117 autem
520 2092 679 2127 parentum
691 2087 836 2127 intelligit

120 2132 275 2161 Isocrates
291 2131 363 2161 illos
381 2141 498 2167 omnes,
511 2131 562 2170 qui
579 2131 669 2160 nobis
686 2141 703 2160 a
717 2136 836 2167 natura,

121 2174 168 2204 vel
185 2185 204 2204 a
219 2174 396 2214 parentibus
411 2174 490 2213 ipsis
507 2175 575 2204 loco
593 2179 752 2213 parentum
769 2174 835 2204 dati

119 2222 198 2249 sunt.
244 2217 389 2258 Magistri
406 2228 527 2257 quoque
546 2219 602 2247 liac
621 2228 696 2247 voce
720 2219 835 2257 signiti-

119 2266 239 2298 cantur,
262 2266 295 2291 ut
312 2267 361 2292 est
376 2262 456 2301 apud
473 2261 576 2292 Clem.
589 2260 834 2292 Alexandrinum

121 2310 259 2335 stromat.
277 2306 298 2335 Ι.
313 2306 340 2334 Ι.
359 2307 414 2335 sub
431 2304 496 2334 init.
522 2306 623 2335 Face.

172 2350 243 2382 Τοὺς
269 2348 356 2387 γονεῖς
370 2366 413 2371 -
426 2350 490 2381 τοὺς
513 2348 622 2378 σαυτοῦ
643 2347 773 2389 παῖδας]
798 2348 836 2378 F.

120 2392 182 2430 leg.
206 2393 273 2427 τοὺς
296 2392 361 2426 σοὺς
384 2393 471 2431 γονεῖς
486 2410 528 2414 --
543 2393 609 2425 τοὺς
631 2392 696 2426 σοὺς
717 2392 836 2426 παῖδας.

121 2435 263 2466 Auem.

161 2478 265 2509 ’Ἄσιιει
286 2488 315 2508 κ.
335 2489 368 2508 τ.
387 2477 436 2518 λ.]
471 2478 521 2508 Ita
542 2478 654 2509 celsus
677 2477 698 2507 l.
716 2477 745 2508 Ι.
760 2489 787 2508 c.
803 2480 834 2508 2.

123 2527 143 2541 ‘¹
161 2520 403 2553 Exercitationis
418 2521 598 2561 plerumque
614 2521 680 2550 finis
697 2531 767 2551 esse
782 2522 836 2551 de-

122 2567 174 2596 bet
190 2566 305 2602 διιᾶσι-ς
329 2570 379 2594 aut
391 2569 474 2595 certe
492 2564 656 2600 lassitudo,
672 2575 741 2603 quae
758 2565 837 2594 citra

120 2609 331 2648 fatigationem
354 2607 425 2638 sit-'⁵
471 2608 511 2638 Id
528 2608 697 2647 praesertim
712 2618 749 2638 eo
764 2618 835 2647 spe-

121 2657 196 2689 ctat,
213 2653 285 2692 quia
300 2656 309 2670 ‘
320 2651 460 2691 corporis
472 2651 682 2691 fatigationes,
695 2651 721 2681 si
735 2651 836 2681 nimiae

122 2696 196 2732 sint,
213 2695 386 2735 impediunt
408 2694 512 2724 studia
535 2699 566 2724 et
591 2700 702 2725 caetera
725 2695 835 2725 mentis

121 2739 237 2779 (ψει-αἶ
255 2743 288 2768 ut
303 2738 412 2768 scribit
426 2738 609 2769 Plutarchus
627 2738 665 2767 de
677 2738 732 2767 lib.
746 2738 836 2768 educ.

121 2793 150 2813 c.
166 2783 229 2813 XI.
246 2785 277 2813 4.
301 2782 405 2813 lnce.
459 2781 625 2821 Conspirat.
640 2781 750 2811 Cicero
766 2791 835 2810 cum

122 2827 250 2856 Nostro.
273 2829 294 2844 “
312 2825 463 2856 Habenda
475 2824 608 2866 (inquit)
624 2825 703 2855 ratio
720 2825 835 2855 valetu—

122 2869 204 2899 dinis
221 2880 227 2899 ε
256 2869 404 2899 utendum
428 2868 705 2899 exercitationibus
735 2868 835 2897 modi-

123 2911 202 2942 cis-’⁹
246 2912 299 2949 Et,
325 2912 433 2951 paucis
449 2911 620 2952 interjectis
634 2922 640 2941 ε
667 2915 687 2928 “
704 2920 837 2950 corpora

123 2955 342 2994 defatigatione
373 2958 404 2986 et
444 2955 667 2986 exercitatione
694 2954 835 2994 ingrave-

124 3004 231 3036 anunm
253 2999 345 3029 animi
367 3003 467 3029 autem
483 2999 705 3030 exercitatione
729 2998 833 3030 levan-

124 3040 205 3072 tur.'’
221 3042 260 3082 de
275 3046 394 3074 seneot.
410 3053 438 3073 c.
454 3046 504 3074 11.
530 3043 653 3075 Fntcx.

697 1099 709 1119 ²
733 1099 938 1142 ἓπιτυγχάιιοις
953 1101 993 1130 A.
1005 1101 1040 1130 C.
1059 1101 1095 1130 L.

1314 1097 1373 1128 3λ
1360 1108 1434 1136 γει
1450 1098 1485 1128 L.

900 1174 968 1217 Πρὸς
983 1177 1030 1207 τὴν
1046 1176 1154 1217 ῥώμην]
1181 1176 1276 1205 Notat
1288 1175 1430 1210 athletas,
1444 1175 1575 1204 fortasse

857 1219 950 1250 etiam
969 1220 1218 1256 Lacedaemonas,
1233 1219 1286 1258 qui
1300 1228 1405 1248 omnes
1421 1217 1576 1247 exercita-

859 1264 958 1293 tiones
982 1263 1018 1292 ad
1050 1263 1190 1304 corporis
1220 1263 1314 1292 robur
1338 1262 1522 1296 referebant,
1544 1259 1576 1290 iu

859 1317 920 1346 quo
942 1310 973 1336 et
996 1307 1262 1345 reprehenduntur
1278 1307 1314 1335 ab
1332 1305 1506 1335 Aristotele
1521 1314 1578 1344 po-

860 1351 909 1380 lit.
924 1350 946 1379 l.
964 1350 1057 1380 VIII.
1075 1360 1104 1380 c.
1121 1353 1153 1380 4.
1179 1349 1281 1380 FAcc.

913 1392 995 1423 Μῆτε
1026 1392 1146 1432 γέλωτα,
1175 1394 1303 1434 προπετῆ
1328 1389 1447 1432 στέργε]
1478 1388 1578 1419 Wolf.

861 1441 946 1466 recte
959 1437 1120 1476 explicat:
1137 1439 1179 1476 μὴ
1190 1437 1348 1476 προπετῶς
1362 1434 1447 1473 γέλα.
1464 1434 1490 1463 Ι
1497 1443 1579 1463 ANG.

918 1480 1000 1510 Μητε
1029 1478 1162 1521 γέλωτα]
1215 1480 1379 1519 Epictetus
1410 1477 1525 1508 enchir.
1551 1487 1579 1506 c.

864 1524 993 1553 XLllI.
1017 1522 1109 1561 γέλως
1134 1526 1176 1563 μὴ
1201 1524 1299 1556 πολὺς
1319 1521 1409 1558 ’ἑο-τω,
1434 1519 1510 1561 μηδὲ
1533 1518 1581 1549 ἐπὶ

863 1567 993 1603 πολλοῖς,
1009 1567 1084 1607 μηδὲ
1107 1565 1258 1607 ἀνειμένος.
1281 1567 1386 1596 Fltcc

922 1611 1001 1640 Μῆτε
1032 1610 1111 1648 λόγον
1139 1612 1223 1650 μετὰ
1260 1609 1316 1649 &pi
1302 1620 1385 1642 2;'o·ov
1414 1605 1581 1648 ἀποδέχου]

866 1654 1053 1693 Ambiguum
1081 1659 1141 1690 est,
1164 1658 1216 1684 aut
1240 1653 1376 1688 videtur,
1397 1657 1497 1681 utrum
1517 1661 1582 1679 mo-

866 1700 948 1732 neat,
963 1697 1136 1727 Demonico
1161 1696 1375 1727 abstinendum
1400 1704 1468 1724 esse
1490 1699 1586 1723 teme-

866 1740 946 1768 raria
961 1740 1110 1776 oratione,
1126 1750 1163 1770 an
1177 1750 1264 1775 vero,
1283 1739 1308 1768 si
1322 1748 1411 1777 quem
1424 1737 1586 1776 jactabun-

867 1783 940 1812 dum
971 1783 1115 1818 audierit,
1145 1794 1214 1812 eum
1237 1781 1473 1821 improbandum
1503 1789 1584 1809 esse.

867 1826 930 1855 Sed
946 1827 1035 1856 facile
1048 1826 1246 1866 intelligitur,
1258 1824 1430 1855 Demonico
1443 1822 1585 1862 praecipi,

867 1869 941 1907 quid
965 1870 1025 1908 ipsi
1049 1870 1240 1908 faciundum,
1266 1869 1382 1907 quidve
1404 1866 1587 1906 fugiendum

869 1912 919 1941 sit.
944 1913 1070 1944 VVOLF.
1091 1914 1169 1953 μήτε
1183 1911 1295 1954 Θξασεῒς
1310 1910 1445 1942 ἔστωσαν
1455 1910 1477 1939 οἱ
1494 1908 1585 1947 λόγοι.

867 1956 954 1986 Con.

903 1998 944 2028 A
971 2000 1059 2030 ποιεῖν
1085 1997 1219 2040 αἶα-χρὸν]
1246 1998 1317 2028 Hoc
1337 1997 1513 2027 traductum
1537 2000 1586 2025 est

867 2041 950 2072 inter
973 2042 1077 2072 Publii
1100 2043 1171 2082 Syri
1196 2043 1308 2072 mimos
1326 2051 1355 2071 n.
1371 2043 1472 2072 793.ι
1477 2039 1586 2079 ‘quod

869 2086 970 2116 facere
1001 2090 1093 2125 turpe
1121 2090 1181 2120 est,
1214 2086 1319 2115 dic-ere
1354 2085 1516 2113 honestum
1547 2093 1586 2112 ne

869 2128 975 2168 puta.''
1015 2131 1170 2159 Isocrates
1207 2127 1338 2168 sumpsit
1371 2128 1505 2157 fortasse
1545 2135 1586 2155 ex

871 2173 1034 2202 Herodoto
1059 2174 1183 2203 I.138
1209 2171 1292 2202 fisca
1309 2170 1337 2201 δέ
1352 2179 1406 2210 σφι
1426 2168 1526 2200 ποιέειν
1539 2168 1588 2199 οὐκ

869 2215 978 2255 {Zea-vc,
995 2217 1094 2245 ταῦτα.
1109 2214 1167 2246 οὐδὲ
1185 2214 1275 2254 λέγειν
1263 2215 1396 2254 νέξεστι.
1419 2213 1521 2244 Face.

914 2258 1091 2300 Σκυθςωπόν]
1117 2259 1228 2289 Horat.
1252 2259 1272 2289 l.
1299 2258 1326 2289 Ι.
1351 2268 1401 2297 ep.
1417 2259 1467 2286 18.
1486 2267 1518 2286 ν.
1534 2257 1586 2286 94.

881 2304 1007 2332 ‘Deme
1030 2302 1197 2342 supercilio
1220 2303 1342 2332 nubem.
1347 2300 1365 2313 ‘’
1411 2300 1523 2330 Cicero
1547 2299 1587 2329 de

871 2346 986 2376 amicit.
1005 2357 1032 2375 c.
1056 2349 1138 2376 18.‘
1144 2346 1314 2375 ‘Tristitia
1340 2349 1371 2374 et
1398 2344 1427 2373 in
1454 2342 1538 2373 omni
1554 2353 1588 2372 re

872 2390 1024 2419 severitas
1047 2388 1158 2419 absit.’'
1192 2390 1291 2420 Fscc.
1335 2387 1506 2418 Tristitiam
1530 2396 1589 2416 non

872 2433 987 2470 ani1ni3
1012 2433 1067 2462 sed
1092 2432 1196 2462 vultus
1230 2431 1377 2472 exprimit
1407 2429 1589 2460 vocabulum

871 2478 1012 2506 Graecum
1048 2475 1233 2516 σκυθρωπὸς,
1279 2485 1335 2505 neo
1373 2484 1490 2508 veram,
1532 2473 1586 2503 sed

870 2520 1057 2556 affectatam,
1084 2519 1176 2549 talem
1193 2529 1313 2559 nempe,
1337 2517 1436 2557 quatis
1461 2521 1508 2546 est
1530 2516 1588 2555 hy-

870 2563 1069 2602 pocritarum,
1099 2563 1365 2593 Mattl1.V1.16.
1411 2560 1589 2591 Adhibetur

870 2612 969 2636 tamen
994 2607 1100 2637 eadem
1125 2617 1186 2636 vox
1213 2616 1337 2646 quoque
1361 2604 1399 2634 de
1422 2603 1588 2642 discipulis

872 2649 1073 2686 Emaunticis,
1111 2651 1188 2680 Luc.
1225 2649 1358 2680 XXIV.
1386 2650 1438 2677 17.
1485 2645 1588 2676 Latini

871 2698 1011 2723 auctores
1040 2694 1191 2724 vocabula
1211 2694 1305 2723 tristis
1335 2695 1366 2722 et
1396 2700 1512 2721 severus
1536 2699 1588 2719 eo-

870 2737 939 2766 dem
977 2737 1150 2776 siguiticatu
1199 2738 1400 2775 conjungunt.
1455 2734 1585 2764 Cicero:

871 2780 994 2810 “triste
1020 2785 1051 2810 et
1083 2790 1225 2811 severum
1248 2779 1373 2809 dicendi
1399 2776 1527 2817 geuus.''
1549 2777 1587 2806 de

870 2824 945 2853 clar.
967 2829 1081 2854 orator.
1128 2824 1230 2853 ltem:
1252 2826 1272 2840 “
1294 2831 1422 2852 severus
1440 2831 1474 2850 ac
1491 2819 1588 2849 tristis

870 2867 986 2897 vultus.
991 2867 1009 2879 ''
1032 2868 1072 2897 de
1099 2871 1178 2897 orat.
1215 2865 1378 2897 Cornelius
1393 2865 1501 2902 Nepos
1526 2863 1588 2901 [15-

870 2911 939 2947 sim,
956 2911 1176 2950 Epaminondae
1199 2909 1231 2939 in
1255 2907 1450 2949 philosophia
1473 2915 1589 2945 praece-

869 2960 999 2994 ptorem,
1009 2954 1180 2994 appellat“
1199 2953 1318 2983 tristem
1336 2957 1367 2982 et
1380 2959 1523 2980 severum
1540 2958 1589 2978 se-

870 3008 949 3028 nem.
953 2996 972 3010 ’'
1018 2998 1080 3028 Sed
1098 2996 1219 3028 Plinius
1240 2996 1346 3035 junior
1366 2995 1405 3024 de
1430 2992 1588 3032 Euphrate

868 3041 891 3072 l.
909 3043 935 3073 1.
956 3051 1005 3081 ep.
1027 3043 1075 3072 10.
1113 3040 1257 3071 “nullus
1292 3039 1400 3069 horror
1437 3037 1466 3067 in
1490 3035 1589 3071 cultu,
