1924 3314
473 216 536 257 IN
568 215 924 258 ISOCRATEM
957 214 1288 258 DIATRIBAE.
1556 214 1610 255 29

153 331 321 382 garchiae
350 336 391 369 et
424 331 674 369 democratiae
704 330 850 369 addere
883 330 1162 377 monarchiam,
1191 328 1295 368 facta
1322 328 1466 379 alioqui
1492 327 1611 378 paulo

155 399 245 430 aute
264 393 512 431 democratiae
526 393 719 430 mentione
735 405 823 443 quae
838 391 1080 429 aristocratia
1095 397 1270 429 uteretur
1287 405 1295 428 ε
1327 397 1365 428 et
1381 391 1435 427 ita
1452 388 1612 440 quidem

156 459 198 490 ut
218 458 334 503 neget
353 466 394 490 se
415 454 514 491 lianc
534 467 621 491 cum
638 453 753 502 vulgo
771 452 870 489 inter
886 452 1064 502 politeias
1084 452 1181 490 velle
1201 463 1416 489 numerare.
1449 449 1613 500 Aliquot

154 520 283 551 autem
314 513 352 551 in
379 514 474 551 locis
506 514 733 563 oligarchiae
766 513 879 563 longe
908 512 1192 563 praeferendam
1217 525 1302 549 esse
1331 511 1612 549 democratiam

111 580 114 583 “
155 574 348 612 ostendit:
381 588 543 626 quorum
561 589 658 613 unus
679 575 791 612 estin
807 576 954 624 Areop.
976 579 1008 622 ἓ.
1030 575 1086 611 κε’.
1146 574 1353 611 Politicum
1370 572 1486 622 igitur
1502 575 1555 610 ita
1571 585 1611 609 se

148 635 326 682 =ostendit
342 643 474 673 noster
489 636 682 673 Isocrates
694 636 730 672 in
745 635 789 672 iis
801 649 887 686 quae
904 635 1117 686 deoptima
1133 633 1373 672 democratia
1393 633 1534 684 passim
1553 633 1612 670 his

157 694 195 732 in
208 695 449 733 orationibus
466 696 662 743 disseruit,
676 703 716 734 ut
737 696 798 733 vix
814 697 1010 733 meliorem
1027 697 1112 746 quis
1132 710 1178 733 eo
1195 695 1422 744 magistrum
1442 693 1614 731 nancisci

157 758 291 807 possit.
344 757 549 795 Politicum
572 764 702 794 autem
727 770 845 806 quum
872 757 976 803 dico,
998 757 1172 807 politicae
1200 755 1374 794 scientiae
1400 768 1467 793 seu
1492 754 1616 804 philo-

158 819 306 868 sophiae
325 821 383 865 (ut
403 820 519 856 etiam
538 817 668 854 vocari
688 817 822 863 docui)
842 817 1009 865 peritum
1032 817 1216 865 intelligo.
1274 816 1448 865 Ideoque
1469 816 1614 865 aliquot

156 879 194 916 in
210 879 306 916 locis
324 892 412 928 quae
433 878 482 915 sit
502 889 589 915 vera
607 877 843 914 democratia
857 881 917 924 (ut
937 876 975 913 in
997 876 1162 913 Panath.
1185 880 1216 922 ξ.
1234 873 1335 922 νη’.),
1353 889 1439 925 quae
1461 875 1510 912 sit
1529 889 1613 912 om-

156 941 260 978 nium
279 940 500 991 aequissima
525 945 565 977 et
592 938 809 976 firmissima
829 941 888 985 (ut
912 937 950 975 in
973 939 1122 987 Areop.
1144 941 1175 985 ξ.
1197 937 1270 985 θ’.),
1291 936 1515 976 doctissime
1533 937 1613 974 dis-

157 1002 262 1040 serit.
294 1003 402 1040 Inter
421 1001 505 1040 illas
522 1008 649 1039 autem
670 1000 810 1052 quibus
830 1000 1137 1038 democraticum
1162 1005 1305 1037 statum
1328 999 1447 1037 afficit
1466 998 1615 1044 laudes,
1647 1047 1652 1051 ο

157 1063 241 1100 haec
258 1064 413 1101 minime
433 1069 492 1100 est
511 1069 720 1113 postrema,
740 1062 776 1099 in
798 1063 941 1111 Areop.
959 1066 992 1108 ξ.
1009 1062 1070 1101 κδ’.
1090 1062 1408 1100 Lacedaemonios
1425 1061 1513 1098 ideo
1532 1063 1616 1111 pul-

156 1123 386 1162 cherrimam
419 1124 619 1175 politeiam
652 1123 810 1170 habere,
844 1123 949 1173 quod
984 1123 1154 1162 omnium
1187 1123 1348 1161 maxime
1377 1123 1615 1160 democratia

160 1192 333 1223 utuntur.
382 1186 480 1223 Haec
501 1185 603 1222 enim
625 1186 767 1222 verba:
798 1187 856 1221 καὶ
876 1184 1202 1235 Λακεδαιμονίους
1226 1184 1286 1222 &ti
1306 1192 1410 1222 τοῦτο
1432 1184 1617 1222 κάλλιστα

161 1248 472 1297 πολιτευομένους
500 1246 556 1284 ὅτι
582 1246 752 1297 μάλιστα
779 1245 1113 1297 δημοκρατούμενοι
1141 1245 1412 1299 τυγχάνουσιν.
1434 1245 1485 1282 ita
1515 1245 1616 1282 malo

160 1313 323 1353 vertere,
341 1320 456 1359 quam
472 1314 516 1345 ut
531 1308 582 1345 ab
603 1309 813 1356 interprete
830 1319 940 1344 versa
955 1307 1076 1344 habes
1093 1322 1103 1345 ς
1133 1307 1327 1357 quoniam,
1348 1313 1392 1344 ut
1407 1306 1468 1343 ille
1489 1306 1617 1352 vertit,

159 1382 237 1407 non
259 1370 486 1419 agnoscitur
505 1369 745 1419 comparatio
763 1369 872 1406 unius
893 1369 1066 1419 politeiae
1087 1382 1176 1407 cum
1197 1369 1363 1407 caeteris.
1407 1370 1478 1413 Ac,
1499 1381 1616 1418 quum

161 1432 301 1477 ἰσότης,
320 1430 358 1467 id
373 1436 446 1476 est,
460 1429 708 1481 aequabilitas
721 1430 796 1481 (vel
808 1429 908 1478 juris
926 1430 1185 1481 aequabilitas,
1199 1436 1243 1467 ut
1265 1429 1316 1466 ab
1331 1428 1414 1466 aliis
1425 1430 1616 1475 vocatur),

165 1491 215 1530 ad
241 1491 495 1529 democratici
528 1497 652 1529 status
685 1492 1018 1529 conservationem
1048 1491 1210 1529 multum
1236 1491 1376 1537 valeat,
1401 1503 1486 1528 eam
1516 1502 1620 1540 saepe

161 1553 438 1591 commendat:
479 1559 596 1603 atque
627 1553 694 1590 ubi
724 1553 787 1590 illa
819 1553 945 1599 ἰσότης
977 1552 1108 1590 locum
1139 1552 1274 1597 habet,
1307 1565 1368 1590 res
1404 1565 1443 1589 se
1475 1551 1619 1588 habere

162 1615 315 1666 ὁμαλῶς
339 1616 418 1652 ait:
451 1620 493 1651 ut
512 1619 649 1652 contra
667 1616 889 1665 ἀνωμάλως,
907 1615 974 1651 ubi
994 1614 1028 1652 ei
1051 1615 1160 1652 locus
1181 1627 1258 1652 non
1278 1620 1349 1652 est·
1381 1613 1471 1650 Huc
1490 1618 1619 1650 autem

160 1676 417 1727 pertinentem
449 1675 579 1712 locum
613 1675 732 1713 habes
759 1682 898 1713 contra
924 1675 1077 1713 Lochit.
1106 1679 1137 1723 ξ.
1165 1677 1230 1724 ιγ’.
1254 1675 1319 1712 ubi
1347 1686 1563 1725 pauperum
1582 1679 1623 1710 et

160 1737 323 1774 divitum
356 1735 399 1773 fit
429 1736 588 1773 mentio.
660 1736 775 1774 Adeo
808 1742 937 1774 autem
970 1736 1072 1774 hanc
1103 1738 1273 1782 ἰσότητος
1306 1735 1621 1773 observationem

163 1798 260 1836 veris
291 1797 542 1835 democratiis
575 1797 726 1843 asserit,
761 1804 805 1835 ut
838 1799 1014 1844 ἰσότητας
1046 1804 1085 1835 et
1111 1796 1385 1842 democratiam,
1413 1803 1452 1833 et
1485 1801 1622 1833 contra

161 1863 376 1905 πλεονεξίας
395 1865 435 1897 et
453 1859 701 1909 oligarchias‚
718 1859 879 1910 copulet
898 1859 935 1896 in
955 1861 1101 1908 Areop.
1123 1865 1221 1896 orat.
1243 1862 1275 1905 ς.
1297 1858 1360 1895 κδ’.
1389 1859 1448 1895 Ac
1465 1856 1621 1901 ibidem,

161 1930 372 1973 postquam
400 1921 495 1959 illud
521 1921 568 1959 de
594 1921 903 1959 Lacedaemoniis
923 1920 1025 1958 dixit
1046 1920 1150 1971 quod
1173 1920 1290 1970 paulo
1312 1925 1400 1956 ante
1419 1929 1624 1955 mememo-

163 1985 259 2028 ravi‚
291 1983 478 2022 rationem
511 1984 624 2022 affert
652 1983 758 2035 quod
790 1990 873 2021 tum
905 1983 1014 2021 circa
1047 1982 1279 2020 electionem
1313 1981 1621 2030 magistratuum,

163 2053 244 2085 tum
266 2059 356 2084 vero
381 2047 486 2084 circa
508 2059 552 2083 ea
577 2059 666 2096 quae
692 2046 741 2083 ad
768 2044 1151 2096 quotidianam.vitae
1179 2042 1501 2081 consuetudinem
1534 2053 1622 2090 spe-

163 2113 285 2154 ctant,
302 2108 468 2152 ἶσότητες
486 2119 637 2144 necnon
654 2108 867 2157 ὁμοιότητες
887 2106 972 2155 plus
991 2118 1106 2156 quam
1127 2104 1232 2154 apud
1253 2103 1350 2140 alios
1363 2101 1527 2139 valeant.
1561 2101 1622 2137 De

166 2169 278 2208 bonis
312 2168 428 2206 etiam
455 2168 620 2218 legibus,
647 2169 751 2219 quod
783 2168 896 2206 bonae
924 2166 1178 2205 democratiae
1207 2166 1283 2202 siut
1310 2164 1621 2212 fundamentum,

164 2244 268 2281 saepe
288 2230 454 2277 disserit,
475 2238 513 2268 et
530 2230 730 2281 quomodo
746 2243 814 2268 sua
831 2230 887 2267 eis
903 2229 1114 2267 auctoritas
1135 2225 1401 2265 conservanda
1415 2225 1478 2270 sit,
1497 2231 1625 2262 osten-

164 2293 244 2331 dit:
271 2291 371 2330 adeo
397 2291 552 2343 quidem
576 2299 616 2330 ut
636 2291 780 2330 alicubi
798 2291 953 2342 judices
973 2296 1057 2333 ταῖς
1081 2291 1290 2331 ἑπιεικείαις
1316 2286 1624 2340 καταχρωμένους

163 2353 291 2404 (quod
314 2366 391 2390 uno
410 2354 530 2390 verbo
550 2354 719 2402 majores
738 2354 859 2391 nostri
879 2354 1065 2404 epica‘izer
1084 2351 1283 2397 dicebant,
1304 2363 1375 2400 pro
1405 2349 1623 2400 epieilcizer,

165 2415 285 2453 verbo
304 2427 349 2451 ex
371 2414 438 2451 illo
459 2415 613 2452 nomine
633 2415 806 2452 ἐπιείκεια
827 2415 1018 2460 deducto)
1037 2418 1212 2463 opponat
1232 2412 1279 2449 iis
1298 2412 1365 2462 qui
1384 2411 1534 2461 legibus
1556 2422 1623 2460 pa-

165 2482 267 2514 rent.
323 2474 492 2512 Videtur
510 2481 638 2513 autern
663 2476 790 2526 legum
812 2474 1097 2513 multitudinem
1117 2473 1154 2511 in
1176 2473 1323 2522 Paneg.
1341 2471 1624 2522 reprehendere

163 2542 195 2586 ξ.
212 2535 283 2585 κβ’.
342 2536 534 2587 Denique,
554 2543 596 2574 ut
616 2537 732 2574 hodie
753 2535 983 2587 pragmatici
1005 2547 1092 2572 suas
1119 2533 1319 2572 cautiones
1350 2533 1508 2577 habent,
1527 2544 1625 2582 quas

165 2599 281 2649 vulgo
308 2597 479 2636 cautelas
493 2597 594 2647 juris
620 2599 818 2648 appellant
839 2601 928 2648 (nec
948 2597 1087 2634 mirum
1108 2609 1154 2633 ex
1175 2601 1235 2634 tot
1261 2593 1484 2633 cautelariis
1514 2594 1623 2630 libris

165 2667 224 2699 tot
242 2660 474 2698 cautelarios
494 2659 596 2697 viros
625 2673 846 2710 emergere:
878 2659 993 2697 liceat
1020 2657 1123 2695 enim
1150 2656 1265 2695 nobis
1290 2669 1385 2694 voce
1409 2656 1484 2693 hac
1515 2661 1622 2692 utro-

166 2722 283 2772 bique
312 2722 396 2769 uti>,
416 2721 473 2759 sic
500 2726 631 2758 nostro
659 2721 723 2759 isti
752 2720 917 2771 politico
938 2733 1017 2758 suae
1045 2719 1225 2757 fuerunt:
1257 2730 1417 2769 quarum
1447 2729 1562 2754 unam
1584 2715 1622 2753 in

167 2786 361 2834 Areopag.
388 2782 458 2821 tibi
481 2783 686 2820 videndam
713 2783 889 2833 relinquo
910 2785 942 2829 ξ.
965 2780 1010 2827 η’.
1068 2780 1288 2824 Quinetiam
1311 2785 1352 2816 ut
1373 2776 1623 2816 democratiae

167 2859 256 2886 suas
289 2845 530 2896 corruptelas
565 2845 754 2882 habereut
784 2844 963 2892 (maxime
996 2850 1124 2880 autern
1164 2841 1348 2878 adversus
1381 2837 1622 2888 corruptelas

167 2907 413 2946 cautionibus
431 2920 513 2945 esse
534 2919 631 2956 opus
653 2905 809 2951 scimus,
834 2911 873 2942 et
898 2903 1054 2956 quidem
1077 2902 1410 2953 praecautionibus
1431 2899 1560 2943 etiam,
1580 2904 1621 2936 ut

166 2968 217 3006 ab
234 2968 309 3007 illis
326 2971 522 3017 caveatur)
537 2981 623 3007 cum
640 2980 689 3006 ex
705 2967 788 3005 aliis
807 2966 915 3013 locis,
933 2971 1012 3005 tum
1033 2977 1078 3005 ex
1096 2964 1265 3015 quodam
1282 2967 1313 3010 ξ.
1330 2963 1378 3000 λ’.
1408 2960 1606 2999 discimus.
