1914 3314
271 201 378 257 294
746 205 1234 250 ΙΣΟΚΡΑΤΟΤΣ

266 317 410 376 ἄλλος
440 318 522 368 rim
550 317 809 379 ἧλικιωτὶὖν,
841 318 1056 380 τοσαύτην
1080 317 1340 385 πεποίημαι

1367 318 1382 344 ¹
1396 318 1470 386 ῖῆν
1488 318 1695 388 μεταβο-

266 391 362 454 λῆν,
388 389 496 449 εἵς-τε
521 389 617 459 περὶ
642 390 696 444 εἶν
715 391 905 444 ὄκνοῦσιν
920 393 958 443 οἶ
972 391 1258 467 πρεσζύτεξοι
1283 392 1445 457 λέγειν,
1473 391 1569 460 περὶ
1598 393 1695 444 τού-

851 489 859 506 ¹
883 488 934 518 τὴν
947 498 1007 517 om.
1023 487 1064 518 A.
1079 487 1115 517 L.

265 562 375 602 quibus
399 561 560 601 gloriosius
579 561 670 591 etiam
693 572 780 600 quam
804 562 900 600 adjuti
927 563 965 591 ab

263 604 464 634 illis-bellum
493 610 597 635 contra
625 605 783 634 Thebanos
812 615 963 643 geremus.

265 646 330 688 (ε’.)
353 647 398 677 Ac
425 647 551 686 primum
575 647 694 685 quidem
719 657 774 675 vos
793 657 963 676 commone-

264 689 420 719 faciendos
436 699 505 718 esse
521 699 644 724 censeo,
659 699 718 728 quo
733 694 822 727 pacto
838 689 964 718 Mesene

264 733 293 762 in
318 737 498 771 potestatem
522 737 654 761 vestram
680 732 808 767 venerit,
834 735 868 760 ut
893 731 964 760 inde

263 779 378 814 pateat,
407 775 552 804 Mesenen
576 785 630 804 vos
662 773 768 803 eodem
794 776 875 812 jure,
905 784 964 812 quo

265 818 514 847 Lacedaemonem
526 817 694 857 possidere.
718 815 793 858 (ς’.)
813 817 870 846 Ubi
883 816 964 846 Her-

225 870 228 872 ·
263 860 348 889 cules
367 870 384 889 e
403 859 521 889 mortali
543 859 619 889 deus
640 859 737 889 sactus
752 864 827 894 erat,
847 859 963 898 posteri

263 904 330 941 ejus
351 907 439 932 aetate
461 902 563 937 tertia,
579 903 615 931 ab
638 901 762 931 oraculo
783 903 814 930 in
835 901 962 940 patriam

263 950 374 981 terram
399 945 481 974 abire
506 944 597 982 jussi,
627 944 818 973 considerata
849 943 963 978 oraculi

263 986 424 1027 sententia,
445 988 548 1025 Argos
572 986 748 1016 hereditatis
766 988 837 1025 jure
864 986 902 1015 ad
929 996 962 1015 se

265 1029 431 1070 pertinere,
460 1030 707 1059 Lacedaemonem
732 1033 872 1067 tanquam
901 1038 963 1057 ser-

264 1082 332 1102 vam
357 1072 413 1102 sibi
434 1072 585 1107 traditam,
607 1071 754 1101 Mesenen
779 1070 909 1109 denique
931 1076 965 1100 ut

264 1113 468 1154 ex'pugnatam
485 1115 521 1143 ab
538 1113 670 1143 Hercule
687 1119 718 1143 et
735 1113 872 1142 Nestoris
893 1113 964 1142 fidei

264 1155 534 1187 commissam'sibi
554 1156 671 1192 deberi,
691 1155 963 1194 deprehenderunt.

263 1199 337 1241 (ζ’.)
361 1199 533 1238 Assumptis
553 1199 646 1238 igitur
669 1199 833 1237 majoribus
852 1197 963 1227 vestris

264 1242 480 1277 Doriensibus,
505 1241 534 1281 in
556 1241 664 1280 quibus
688 1240 863 1270 Heraclidae
887 1240 963 1280 (Te-

266 1296 387 1326 menus,
418 1282 622 1323 Cresphontes
659 1288 690 1313 et
719 1282 964 1322 Aristodemus),

264 1333 337 1358 tunc
351 1327 536 1362 habitabant,
549 1325 754 1366 expeditionis
771 1325 874 1360 sociis,
885 1325 963 1354 inter

264 1381 343 1411 quos
358 1370 512 1410 regionem
533 1369 727 1399 dividendam
749 1368 831 1407 pacti
848 1373 917 1397 sunt
932 1371 963 1396 et

265 1424 284 1444 a
298 1410 416 1453 quibusv
427 1423 550 1452 reguum
567 1411 714 1452 peculiari
725 1412 793 1449 jure
808 1411 963 1449 possiden-

266 1457 336 1486 dum
364 1459 558 1495 acceperunt,
581 1455 694 1484 incolas
720 1453 841 1483 illorum
870 1452 961 1482 trium

262 1499 402 1528 'locorum
426 1499 562 1528 vicerunt
588 1507 623 1526 ac
654 1506 746 1536 regua
775 1495 805 1525 in
836 1495 962 1524 totidem

266 1547 370 1581 partes
397 1541 575 1571 diviserunt.
627 1539 687 1568 Sed
714 1548 804 1577 quum
830 1536 964 1567 Mesenii

265 1583 483 1623 Cresphontem
504 1582 610 1612 ducem
632 1591 791 1620 ac.regem
814 1590 900 1609 suum
918 1579 964 1609 in-

267 1626 470 1661 terfecissent‚
494 1625 546 1655 filii
571 1626 636 1663 ejus
660 1625 806 1653 Mesenen
831 1623 861 1652 iu
884 1632 962 1661 prae-

266 1669 358 1699 mium
383 1668 522 1698 vindictae
550 1667 654 1706 patriS‚
681 1676 768 1705 quam
801 1665 964 1704 petierant,

267 1710 504 1742 Lacedaemoniis
520 1709 718 1739 tradiderunt.
759 1706 825 1749 (η’.)
846 1707 962 1746 Quodsi

265 1759 364 1784 autern
389 1754 545 1783 Mesenen:
570 1753 675 1782 eodem
696 1753 777 1790 jure,
800 1756 832 1780 ut
854 1761 893 1780 ex
918 1751 964 1780 his

265 1796 399 1828 breviter
419 1795 509 1826 dictis
530 1799 667 1835 apparet,
689 1805 748 1833 quo
771 1794 963 1824 Lacedaemo-

264 1850 332 1870 nem
343 1839 547 1878 possidemus,
556 1848 653 1876 neque
664 1837 820 1876 quisquan
830 1840 964 1865 vestrum

265 1883 526 1916 Lacedaemonem,
557 1881 582 1910 si
620 1880 837 1919 postularetur,
872 1878 962 1907 relin-

266 1930 384 1965 queret,
395 1935 452 1955 nou
467 1923 554 1953 aliter
569 1933 689 1962 quoque
705 1923 743 1951 de
761 1923 886 1951 Mesene
901 1920 962 1950 ani-

265 1968 339 1998 mati
366 1977 434 1997 esse
458 1966 587 1996 debetis.
631 1964 699 2004 (θ’.)
723 1964 861 1998 Accedit,
882 1963 962 2002 quod

266 2012 413 2040 Mesenen
430 2010 513 2049 prins
532 2008 734 2048 possedimus,
749 2017 835 2046 quam
853 2006 962 2045 plerae-

267 2052 326 2092 que
345 2053 434 2082 urbes
456 2053 582 2082 Graeciae
603 2050 731 2080 conditae
756 2054 826 2079 sunt
846 2050 962 2078 Persae-

266 2106 324 2135 que
341 2096 440 2126 Asiam
466 2096 659 2133 subegerunt,
677 2097 708 2122 et
727 2093 809 2131 quod
829 2091 964 2121 Thebani

266 2139 348 2169 illam
365 2149 421 2168 non
437 2137 586 2167 Meseniis
602 2135 810 2171 reddiderunt,
827 2135 881 2164 sed
897 2134 963 2164 He-

267 2182 349 2217 lotis,
366 2181 461 2211 servis
481 2180 557 2216 suis,
572 2178 769 2209 tradiderunt.
813 2176 874 2219 (ι’.)
896 2177 963 2207 Me-

271 2234 361 2254 senen
387 2234 442 2253 nos
465 2223 536 2264 jure
561 2222 696 2252 obtinere
725 2226 756 2252 et
781 2231 836 2250 nos
861 2220 964 2258 iniqua

268 2267 330 2306 pati
341 2267 408 2296 inde
418 2266 506 2296 etiam
517 2270 611 2304 patet,
621 2264 700 2304 quod
708 2273 856 2303 nunquam
866 2268 964 2297 antea,

269 2310 323 2339 ubi
335 2309 494 2338 inferiores
508 2309 598 2338 etiam
614 2307 860 2346 hostibus,quam
874 2315 963 2342 nunc,

267 2362 372 2390 pacem
395 2353 492 2381 facere
514 2351 609 2380 coacti
634 2361 746 2386 sumus,
769 2359 866 2388 neque
889 2349 963 2378 Per·

269 2405 366 2425 sarum
385 2404 438 2424 rex
454 2404 548 2432 neque
563 2394 772 2423 Thebanorum
790 2391 900 2422 civitas
916 2393 966 2429 jus

268 2437 344 2467 illud
369 2437 398 2466 in
422 2436 546 2465 dubium
568 2440 722 2466 vocarunt.
766 2434 845 2475 (ta-¹.)
874 2434 964 2471 Quod

268 2480 357 2510 etiam
374 2478 614 2509 vetussissimum
632 2484 662 2508 et
679 2479 737 2508 tide
755 2477 965 2517 dignissimum

268 2521 456 2553 oraculorum
494 2521 592 2551 denno
625 2522 762 2560 agnovit,
791 2521 841 2550 ubi
877 2520 965 2550 nobis

269 2565 347 2595 viam
367 2565 561 2604 expugnandi
583 2564 728 2593 Mesenen
743 2562 965 2593 accuratissime

268 2607 455 2638 monstravit.
487 2605 572 2648 (ιβ’.)
589 2609 689 2645 Quum
706 2607 798 2645 igitur
811 2611 964 2645 acceptam

268 2662 286 2681 a
300 2649 498 2690 Cresphontis
514 2649 595 2687 tiliis,
610 2650 730 2679 oraculo
746 2648 963 2684 consentiente,

267 2704 324 2734 per
338 2698 383 2723 tot
398 2703 490 2722 annos
511 2697 601 2731 atque
621 2692 752 2732 ipsorum
776 2692 964 2729 hostiumju-

268 2736 350 2767 dicio
371 2735 452 2765 illam
474 2735 695 2774 possideamus,
713 2734 785 2773 quid
810 2739 868 2770 est,
884 2734 962 2773 quod

269 2789 336 2816 nos,
351 2778 407 2808 hoc
423 2783 558 2817 tempore
579 2777 727 2808 commodi
743 2778 845 2807 studio
861 2787 961 2817 pacem

268 2831 408 2853 recusare
429 2826 460 2850 et
485 2826 553 2850 tunc
576 2830 675 2850 rerum
696 2820 856 2850 alienarum
882 2819 963 2849 desi-

269 2865 368 2895 derio'
394 2873 462 2893 cum
497 2862 640 2893 Meseniis
679 2862 789 2892 bellum
832 2863 962 2901 gessisse

269 2907 391 2938 dicant?
437 2904 520 2947 (ιγ’.)
543 2907 582 2935 At
598 2916 669 2935 vero
693 2905 807 2940 dicunt,
832 2905 881 2944 qui
909 2915 961 2934 no—

270 2951 317 2981 bis
340 2949 424 2990 pacis
440 2949 594 2979 'faciendae
616 2954 756 2978 auctores
783 2953 863 2982 sunt,
887 2953 960 2976 tem-

269 2993 395 3032 poribus
425 3002 492 3022 esse
525 2991 702 3026 cedendum,
732 3001 826 3029 neque
863 2990 891 3019 in
917 2995 958 3019 ta-

997 563 1078 592 libus
1101 573 1199 591 rerum
1224 562 1470 597 circumstantiis,
1485 564 1556 602 quid
1576 565 1694 602 justum

999 605 1049 639 sit,
1067 605 1119 634 sed
1137 605 1209 643 quid
1226 605 1381 644 expediat,
1398 606 1599 643 quaerendum.
1616 606 1694 646 (ιδ’.)

1000 648 1066 685 Ego
1091 658 1162 676 vero
1190 647 1262 677 utile
1292 658 1438 686 nunquam
1469 648 1593 677 honesto
1617 659 1694 688 prae-

998 690 1151 718 ferendum
1168 700 1236 719 esse
1252 690 1332 725 dico,
1348 689 1514 728 praesertim
1535 701 1624 728 quum
1640 691 1694 720 ho-

998 737 1114 762 nestum
1140 732 1252 771 ubique
1269 732 1389 762 vincere
1414 738 1444 761 et
1465 732 1493 760 in
1517 734 1571 762 lioc
1591 739 1694 762 nostro

998 784 1067 804 casu
1093 776 1145 813 jus
1171 775 1349 816 (possidendi
1382 774 1534 814 Mesenen)
1568 780 1695 810 certum,

998 817 1162 846 utilitatem
1195 818 1311 858 (pacem
1345 828 1410 847 cum
1439 815 1595 857 Thebanis)
1620 828 1695 847 vero

998 860 1086 889 valde
1100 860 1219 889 dubiam
1236 871 1303 890 esse
1320 860 1450 890 videam.
1481 858 1558 900 (ιε’.)
1575 859 1695 890 Deinde

997 912 1116 940 quoque
1140 912 1247 940 magna
1271 902 1356 931 nobis
1375 912 1446 941 spes
1465 908 1521 936 est,
1541 912 1601 932 rem
1619 903 1695 932 bene

997 944 1132 982 gerendi,
1152 955 1242 982 quum
1266 945 1377 983 saepius
1393 955 1446 974 usu
1464 944 1558 980 venit,
1574 950 1607 974 ut
1623 943 1694 974 victi

997 987 1170 1025 superiores
1205 987 1310 1015 fierent
1346 986 1510 1015 victoribus
1547 991 1577 1016 et
1612 987 1695 1016 obsi-

997 1029 1102 1057 dentes
1115 1029 1259 1059 obsessis.
1295 1028 1377 1067 (cc‘.)
1394 1029 1544 1066 Exemplo
1559 1034 1627 1058 sunt
1640 1039 1694 1067 po·
1720 1041 1722 1048 ¹

998 1071 1146 1099 tissimum
1165 1071 1373 1105 Athenienses,
1393 1071 1454 1108 qui,
1472 1077 1504 1099 ut
1523 1071 1694 1109 antiquiora

999 1113 1200 1148 omittam„in
1227 1113 1354 1142 Persico
1383 1113 1461 1141 bello
1488 1115 1560 1142 urbe
1589 1123 1623 1142 ac
1646 1124 1693 1143 re-

999 1155 1085 1193 gione
1113 1155 1220 1185 relicta
1248 1166 1288 1184 ex
1321 1154 1446 1184 summis
1472 1155 1692 1185 calamitatibus

997 1198 1028 1226 in
1044 1198 1201 1227 maximam
1218 1198 1388 1227 felicitatem
1405 1197 1502 1226 evecti
1516 1203 1595 1227 sunt.
1616 1196 1695 1238 (ιζ’.)

996 1241 1073 1269 ltem
1100 1240 1278 1278 Dionysius,
1305 1250 1393 1279 quum
1422 1250 1438 1268 a
1464 1240 1692 1278 Carthaginien-

998 1283 1082 1312 sibus
1107 1283 1264 1312 obsidione
1287 1288 1474 1321 premeretur
1489 1284 1591 1320 etjam
1608 1283 1638 1312 iu
1655 1294 1691 1313 eo

996 1329 1088 1360 esset,
1116 1331 1150 1355 ut
1175 1326 1299 1354 salutem
1329 1325 1400 1363 fuga
1428 1330 1587 1364 quaereret,
1612 1326 1692 1355 bello

994 1368 1123 1406 repetito
1147 1378 1203 1396 uon
1224 1367 1320 1397 solum
1342 1367 1435 1396 multa
1453 1368 1548 1397 millia
1562 1368 1692 1398 bostium

995 1410 1117 1445 cecidi-t,
1131 1410 1184 1439 sed
1198 1410 1285 1439 etiarn
1302 1410 1535 1439 dominationem
1552 1410 1581 1439 iu
1596 1411 1692 1447 cives,

995 1453 1045 1491 qui
1062 1462 1133 1490 erga
1147 1452 1247 1491 ipsum
1262 1452 1365 1490 iniquo
1387 1452 1485 1481 animo
1504 1457 1600 1487 erant,
1618 1463 1691 1482 con—

996 1493 1238 1534 firmavit.*(m'.)
1265 1494 1324 1524 His
1347 1494 1459 1524 similia
1478 1495 1580 1524 effecit
1601 1495 1691 1524 etiam

996 1538 1151 1575 Amyntas,
1168 1537 1364 1566 Macedonum
1389 1547 1457 1573 rex,
1474 1537 1535 1575 qui,
1552 1547 1570 1566 a
1585 1537 1692 1567 vicinis

996 1580 1130 1609 barbaris
1147 1580 1255 1618 proelio
1271 1580 1381 1615 victus,
1398 1584 1522 1619 totaque
1544 1579 1692 1610 Macedo-

996 1623 1044 1652 nia
1061 1622 1207 1661 privatus,
1229 1632 1355 1661 parvum
1371 1623 1522 1660 quoddam
1537 1623 1692 1653 castellum

997 1666 1158 1704 occupavit
1173 1676 1206 1694 ac
1221 1666 1312 1695 trium
1325 1665 1470 1695 mensium
1482 1665 1582 1704 spatio
1598 1670 1692 1696 totam

996 1708 1207 1738 Macedoniam
1233 1708 1357 1747 recepit.
1381 1706 1466 1749 (ιδ’.)
1480 1708 1691 1738 Thebanorum

996 1761 1126 1790 quoque,
1149 1752 1285 1781 incursus
1310 1756 1340 1780 et
1361 1752 1456 1780 minas
1480 1755 1597 1781 nostras
1619 1750 1690 1780 olim

996 1794 1146 1823 sustinere
1177 1793 1360 1828 audentium,
1383 1793 1413 1822 in
1437 1797 1550 1823 tantum
1578 1797 1692 1822 mutata

996 1841 1043 1865 est
1064 1836 1193 1870 fortuna,
1216 1841 1249 1865 ut
1264 1838 1325 1874 jam
1348 1835 1435 1865 uobis
1456 1835 1623 1875 imperandi
1640 1837 1691 1874 jus

996 1879 1053 1908 sibi
1070 1883 1220 1917 arrogent.
1243 1877 1313 1918 (κ’.)
1329 1879 1428 1915 Igitur
1448 1878 1607 1917 praesentia
1621 1878 1691 1908 forti

996 1921 1093 1951 auimo
1110 1922 1235 1951 tolerare
1250 1931 1285 1950 ac
1303 1921 1341 1949 de
1357 1920 1466 1950 suturis
1481 1922 1554 1950 bene
1569 1930 1691 1959 sperare

996 1968 1128 2003 oportet,
1147 1964 1316 2002 praesertim
1342 1974 1430 2002 quum
1455 1964 1602 2002 ejusmodi
1616 1963 1694 1992 cala-

995 2007 1116 2036 mitates
1131 2013 1160 2036 et
1175 2013 1258 2036 recta
1273 2017 1371 2036 rerum
1388 2006 1648 2036 administratione
1663 2010 1694 2036 et

996 2050 1040 2079 rei
1063 2049 1202 2078 militaris
1216 2049 1336 2088 peritia,
1360 2059 1419 2087 qua
1443 2053 1567 2087 utraque
1582 2049 1694 2087 gaude-

996 2102 1075 2126 mus,
1091 2093 1297 2121 emeudantur.
1321 2090 1411 2132 (καί.)
1426 2090 1467 2120 At
1484 2091 1605 2130 quidam
1620 2091 1693 2120 belli

996 2135 1151 2173 perfidiam
1181 2139 1322 2164 accusant
1346 2144 1380 2163 ac
1405 2134 1561 2169 mirantur,
1590 2144 1694 2172 quem·

997 2187 1085 2216 quam
1102 2188 1182 2212 esse,
1192 2178 1244 2216 qui
1258 2177 1303 2206 rei
1317 2181 1376 2206 tam
1389 2186 1477 2206 saevae
1487 2181 1518 2205 et
1527 2176 1693 2206 temeraria:

997 2220 1083 2249 fidem
1101 2220 1266 2249 habendam
1281 2224 1413 2250 censeat.
1435 2217 1526 2259 (ιβ’.)
1541 2219 1606 2257 Ego
1622 2229 1693 2248 vero

997 2262 1137 2292 felicibus
1161 2272 1264 2302 pacem
1287 2261 1487 2300 expetendam
1512 2271 1580 2290 esse
1606 2266 1694 2300 puto,

998 2305 1180 2335 calamitosis
1208 2315 1279 2334 vero
1307 2305 1417 2334 bellum
1453 2304 1628 2343 gerendum,
1659 2314 1694 2333 ac

998 2353 1067 2378 tunc
1093 2348 1210 2378 demum
1239 2347 1393 2386 pactiones
1417 2347 1580 2381 faciendus,
1603 2343 1694 2385 quum

999 2397 1050 2420 aut
1074 2401 1144 2420 suos
1169 2391 1271 2420 hostes
1293 2390 1463 2429 superarint
1484 2395 1537 2419 aut
1562 2389 1695 2428 ipsorum

1000 2434 1090 2463 robur
1112 2434 1231 2463 illorum
1262 2433 1363 2463 robori
1389 2432 1584 2471 aequaverint,
1602 2431 1695 2472 (κγ’.)

1000 2476 1213 2506 Recordemiui
1225 2481 1336 2511 antem,
1350 2485 1436 2514 quam
1450 2480 1538 2514 turpe
1553 2474 1603 2509 sit,
1614 2475 1694 2513 quod

999 2530 1089 2558 quum
1107 2518 1315 2558 superioribus
1334 2518 1521 2556 temporibus
1540 2517 1621 2546 socia
1640 2517 1696 2546 nli-

999 2573 1058 2601 qua
1082 2562 1188 2592 civitas
1215 2561 1262 2590 vet
1287 2562 1374 2591 unius
1399 2558 1616 2590 Lacedaemouii
1635 2569 1695 2598 ope

1000 2610 1119 2635 servata
1141 2605 1191 2639 sit,
1213 2614 1269 2634 nos
1291 2614 1328 2633 ne
1349 2602 1480 2632 universi
1496 2601 1618 2641 quidem
1642 2612 1694 2640 pa-

999 2648 1085 2677 triam
1115 2652 1244 2677 nostram
1277 2656 1397 2677 servare
1431 2654 1583 2674 conamur.
1613 2642 1697 2684 (κδ’.)

999 2691 1075 2728 Quis
1089 2700 1142 2720 nos
1157 2700 1214 2720 nou
1230 2688 1474 2729 reprehenderet,
1489 2687 1514 2716 si
1531 2686 1695 2722 Mesenios,

998 2744 1054 2772 pro
1071 2734 1125 2763 hac
1142 2733 1265 2772 regione
1286 2741 1340 2770 per
1355 2730 1464 2769 viginti
1480 2739 1572 2758 anuos
1588 2728 1693 2758 obses-

999 2787 1048 2806 sos
1070 2782 1100 2805 et
1115 2787 1132 2805 a
1146 2775 1310 2814 majoribus
1331 2772 1442 2803 nostris
1465 2771 1568 2801 multis
1585 2772 1694 2801 labori-

998 2821 1054 2848 bus
1071 2824 1101 2848 et
1119 2817 1262 2857 periculis
1285 2821 1414 2855 paratos,
1429 2814 1530 2844 verbis
1555 2815 1690 2851 persuasi

998 2861 1215 2900 abjiceremus?
1240 2858 1322 2899 (κε’.)
1346 2858 1446 2896 Atque
1477 2857 1521 2886 luis
1550 2856 1691 2886 omnibus

998 2903 1158 2943 neglectis,
1174 2901 1303 2932 nonnulli
1321 2906 1378 2929 tam
1392 2899 1501 2937 cupide
1517 2899 1603 2928 nobis
1620 2899 1689 2929 Me-

998 2957 1087 2976 senen
1115 2946 1232 2975 tradere
1260 2943 1394 2978 suadent,
1418 2947 1450 2971 nt
1474 2941 1554 2971 urbis
1578 2947 1689 2971 nostrie

993 2988 1228 3020 imbecillitatem
1282 2985 1470 3023 hostiumque
1526 2985 1688 3024 potentiam

1890 1014 1914 1514 :memmi-affine
1894 619 1914 1007 Wfflssrww
1903 596 1907 608 -

1910 1751 1914 1754 .
1909 1685 1914 1717 -.
1909 1612 1914 1659 „-e
1896 1527 1914 1588 ,υἵ-

1906 3237 1914 3314 -μω
1907 3188 1914 3231 -1
