1914 3314
1029 546 1110 589 IZ.

779 663 1358 711 ΙΣΟΚΡΑΤΟΥΣ

593 784 1050 832 ΤΡΑΠΕΖ

1093 785 1539 832 ΙΤΙΚΟΣ.

350 1088 439 1166 7023
463 1089 586 1162 μόνον
605 1089 702 1163 περὶ
732 1091 912 1142 πολλῶν
935 1089 1177 1165 χρημάτων
1196 1087 1573 1153 κινδυνεύωψῖλλοὶ
1591 1086 1670 1141 καὶ
1687 1088 1784 1165 περὶ

391 1213 672 1243 SUMMARIUM.
692 1210 770 1253 (α’.)
791 1212 903 1250 Magna
918 1221 967 1241 res
983 1211 1046 1250 agi-

348 1262 396 1286 tur
413 1257 507 1296 [filins
528 1254 627 1294 inquit
649 1254 749 1292 Sopaei
767 1254 934 1292 cujusdam,
954 1264 1047 1292 pecu-

348 1300 414 1329 nias
443 1297 568 1328 Pasioni
593 1296 742 1327 mensario
767 1296 900 1333 creditas
929 1296 1046 1334 sibique

348 1343 511 1380 denegatas
542 1350 644 1370 coram
667 1338 786 1378 judicio
811 1342 964 1377 repetens,
995 1338 1044 1368 cui

347 1384 412 1414 liaec
435 1383 530 1413 oratio
553 1384 589 1412 ab
612 1383 749 1412 Isocrate
771 1382 886 1420 scripta
908 1380 983 1421 est],
997 1382 1046 1419 ju-

331 1451 333 1453 .
348 1427 447 1462 dices,
462 1437 520 1456 non
533 1429 645 1456 tantum
658 1426 696 1455 de
711 1424 849 1464 pecuniis
861 1424 975 1460 multis,
992 1424 1045 1453 sed

349 1470 428 1509 quod
451 1469 549 1508 pluris
575 1473 632 1504 est,
659 1469 697 1497 de
722 1467 944 1497 existimatione
969 1477 1045 1501 mea,

332 1523 416 1552 *quae
440 1512 470 1541 in
492 1521 600 1550 magno
623 1511 703 1540 foret
726 1510 873 1548 periculo,
900 1509 925 1539 si
949 1510 1046 1540 aliena

348 1555 566 1593 concupiscere
585 1553 714 1588 viderer,
738 1551 814 1593 (Β.)
830 1558 862 1582 et
875 1553 1044 1592 periculosa

349 1597 451 1632 simul,
476 1606 567 1635 quum
589 1595 796 1625 adversarium
819 1595 942 1625 habeam
962 1606 1045 1625 men-

349 1640 473 1674 sarium,
493 1649 621 1678 quocum
645 1643 674 1668 et
694 1638 790 1668 omnis
806 1648 855 1667 res
878 1638 943 1668 sine
959 1638 1044 1668 testi-

349 1684 405 1711 bus
429 1682 540 1720 agitur,
562 1686 591 1711 et
612 1681 661 1710 cui
681 1691 789 1718 magna
812 1681 886 1710 fides
912 1685 968 1717 est,
990 1691 1044 1710 nec

347 1726 458 1754 desunt
480 1723 579 1754 amici.
603 1722 677 1764 (γ’.)
708 1724 786 1753 Rem
809 1725 846 1754 ab
871 1724 957 1753 initio
979 1735 1044 1754 nar-

348 1769 431 1797 rabo.
475 1768 568 1797 Pater
593 1767 733 1805 Sopaeus,
760 1767 860 1805 Satyri
886 1767 915 1796 in
943 1767 1044 1796 Ponto

347 1810 495 1849 principis
525 1810 682 1839 familiaris
712 1814 743 1839 et
773 1809 881 1849 amplat
910 1810 1043 1848 regionis

347 1853 562 1893 copiarumque
581 1853 755 1892 praefectus,
770 1863 816 1882 mc
838 1863 869 1881 ez
891 1853 1043 1882 mercandi

347 1901 378 1926 et
403 1896 538 1926 visendae
559 1896 643 1925 urbis
664 1896 752 1934 hujus
769 1905 860 1924 causa
883 1906 950 1924 cum
969 1896 1043 1925 dua-

347 1940 404 1968 bus
417 1939 546 1968 navibus
561 1938 713 1968 frumento
728 1938 862 1977 impletis
876 1938 934 1967 huc
950 1938 1043 1974 misit,

347 1982 399 2012 nbi
417 1981 556 2011 Pasionis
573 1992 675 2010 mensa
695 1991 766 2010 usus
787 1991 863 2010 sum.
887 1979 954 2021 (δ’.)
978 1981 1042 2010 Ali-

345 2030 457 2065 quanto
470 2029 543 2064 post
557 2029 671 2063 patrem
687 2034 784 2053 meum
801 2025 926 2063 Satyrus
939 2024 968 2053 in
979 2024 1041 2053 vin—

347 2068 416 2098 cula
435 2067 570 2106 conjicit,
585 2071 614 2096 et
633 2067 776 2106 pecunias
797 2077 815 2096 a
834 2077 880 2096 me
896 2067 1042 2096 reditum-

346 2110 444 2150 quein
457 2110 580 2150 patriam
592 2110 733 2148 postulat.
750 2108 816 2149 (ε’.)
835 2109 1043 2148 Tantisigitnr

347 2153 419 2183 mihi
438 2153 644 2182 circumvento
661 2152 749 2182 malis
765 2153 869 2188 Pasio,
884 2153 913 2182 in
936 2163 994 2191 quo
1009 2153 1039 2182 in

347 2195 487 2226 omnibus
510 2196 601 2225 rebus
623 2205 760 2235 magnam
786 2195 926 2225 fiduciam
947 2206 1040 2235 pone-

347 2241 426 2276 bam,
447 2238 606 2269 consilium
623 2239 686 2275 dat,
706 2242 738 2267 ut
756 2238 975 2277 promit-terem,
992 2248 1039 2268 me

345 2282 494 2321 imperata
505 2281 605 2320 Satyri
617 2281 778 2316 facturum,
791 2281 910 2311 traditis
921 2281 959 2311 iis
974 2281 1040 2320 opi-

347 2326 413 2361 bus,
436 2335 503 2364 quae
522 2324 552 2354 in
573 2329 678 2363 aperto
698 2328 811 2359 essent,
827 2325 881 2353 sed
899 2324 1038 2360 retentis,

346 2379 413 2407 qua}
433 2368 512 2408 apud
531 2367 630 2406 ipsum
647 2367 796 2406 depositae
812 2371 926 2401 essent,
946 2366 1038 2396 simu—

343 2411 411 2440 lans
428 2412 530 2446 etiam,
545 2410 649 2449 plures
669 2415 733 2440 tum
756 2410 793 2439 ab
814 2409 896 2448 ipso,
913 2417 978 2440 tum
1002 2411 1038 2439 ab

347 2453 416 2483 aliis
428 2454 529 2484 fenore
542 2453 706 2492 accepisse.
722 2451 798 2494 (ς’.)
813 2453 881 2483 Hac
896 2462 927 2482 re
943 2456 1038 2482 trans-

331 2500 425 2532 ·actu,
458 2496 521 2533 ubi,
542 2497 630 2534 jussu
653 2496 764 2534 Satyri,
781 2495 869 2526 ⁴abire
893 2495 977 2525 volui
1007 2500 1038 2526 et

346 2539 501 2578 depositas
517 2539 660 2578 pecunias
673 2538 794 2578 repetii,
807 2538 966 2569 Pasionem
978 2539 1037 2568 sor-

347 2582 426 2612 tunis
452 2581 528 2611 meis
554 2581 680 2611 insidias
707 2581 872 2612 tetendisse
905 2581 1036 2611 animad-

347 2625 436 2654 verti.
484 2624 542 2653 Ille
566 2624 646 2654 euim
672 2624 815 2663 optimam
846 2624 920 2654 hanc
951 2634 1036 2654 occa·

346 2667 461 2698 sionem
487 2667 543 2696 sibi
567 2666 666 2697 datam
691 2672 785 2703 ratus,
809 2666 979 2702 simulabat,
1004 2677 1036 2697 se

345 2711 374 2740 iu
390 2709 552 2749 praesentia
570 2719 627 2738 nou
643 2710 767 2746 habere,
788 2710 868 2748 quod
884 2710 1036 2745 redderet,

345 2759 376 2783 et
396 2762 486 2791 quum
502 2751 701 2782 Philomelum
723 2757 754 2782 et
776 2753 976 2782 Menexenum
998 2753 1035 2782 ad

345 2796 444 2835 ipsum
467 2793 629 2830 misissem,
654 2795 796 2834 pecunias
819 2805 902 2825 meas
926 2795 1035 2835 repeti-

345 2843 441 2874 turos,
456 2847 557 2867 coram
579 2836 623 2866 eis
644 2837 792 2867 inficiatus
812 2842 871 2878 est,
886 2848 918 2868 se
936 2848 1034 2867 meum

344 2882 506 2921 quidquam
521 2880 641 2910 habere.
665 2880 812 2918 Equidem
829 2881 886 2910 hoc
902 2885 1036 2920 tempore

344 2924 502 2964 quiescere
517 2922 662 2962 optimum
678 2922 763 2952 duxi.
787 2922 858 2964 (ζ.)
882 2924 957 2953 Post
972 2924 1036 2953 baec

344 2967 508 3002 nuntiatur,
523 2970 635 3004 patrem
660 2975 759 2996 meum
785 2976 851 2995 cum
875 2966 983 3005 Satyro
1005 2966 1034 2996 in

343 3010 467 3049 gratiam
485 3009 624 3040 rediisse.
669 3008 760 3045 Quod
777 3008 827 3038 ubi
841 3008 934 3038 Pasio
950 3009 1033 3038 audi-

1082 1213 1138 1247 vit,
1156 1212 1277 1249 timens,
1300 1223 1337 1242 ne
1357 1214 1410 1252 jus
1431 1223 1531 1243 meum
1551 1217 1656 1253 aperte
1679 1223 1782 1254 perse-

1080 1265 1202 1293 querer,
1218 1256 1332 1285 Cittum
1352 1266 1491 1294 puerum,
1506 1256 1558 1295 qui
1583 1256 1622 1286 de
1641 1256 1780 1295 pecuniis

1080 1298 1162 1334 quod
1175 1301 1273 1327 actum
1287 1303 1370 1327 esset
1385 1298 1527 1328 conscius
1539 1304 1616 1334 erat,
1631 1299 1778 1336 occuluit,

1080 1338 1224 1378 illumque
1249 1350 1266 1369 a
1288 1350 1336 1369 me
1359 1344 1389 1368 et
1410 1341 1582 1370 Menexeno
1602 1346 1777 1383 corruptum

1081 1391 1136 1411 sex
1153 1382 1266 1412 talenta
1282 1392 1338 1420 per
1352 1382 1487 1412 fraudem
1503 1382 1603 1415 ablata
1618 1383 1706 1413 nobis
1725 1384 1779 1414 de-

1079 1424 1162 1454 disse
1182 1435 1297 1463 nosque
1319 1425 1405 1465 ipsos
1427 1425 1507 1456 hunc
1529 1435 1658 1466 puerum
1679 1427 1782 1458 occul·

1079 1471 1158 1497 tasse
1182 1467 1340 1503 affirmans,
1362 1478 1419 1497 non
1438 1468 1524 1507 prius
1547 1468 1676 1504 destitit,
1693 1479 1780 1508 qnam

1079 1519 1134 1539 sex
1161 1510 1339 1540 talentorum
1368 1521 1530 1550 sponsores
1554 1511 1584 1543 ei
1612 1511 1779 1543 dedissem.

1078 1551 1150 1594 (η’.)
1184 1553 1286 1590 Quum
1313 1553 1380 1591 ipse
1406 1554 1437 1583 in
1460 1553 1700 1593 Peloponnesum
1726 1556 1780 1585 ab·

1078 1595 1181 1625 iissem
1204 1596 1241 1625 ad
1256 1606 1383 1635 puerum
1398 1596 1655 1636 investigandum,
1673 1598 1778 1628 Mene-

1080 1649 1176 1668 xenus
1193 1649 1258 1668 eum
1276 1639 1324 1668 hic
1336 1639 1465 1669 Athenis
1481 1639 1683 1680 deprehendit
1696 1651 1778 1670 eum-

1079 1692 1137 1720 que
1153 1682 1182 1710 in
1199 1682 1394 1720 quaestionem
1411 1683 1556 1721 postulat.
1600 1683 1663 1712 Sed
1686 1683 1776 1714 Pasio

1080 1724 1207 1754 eundem
1225 1724 1254 1754 in
1271 1724 1441 1755 libertatem
1458 1725 1589 1757 asseruit
1606 1736 1642 1757 ac
1661 1737 1698 1756 ne
1714 1732 1775 1758 tor·

1079 1773 1221 1806 queretur
1236 1767 1399 1806 prohibuit,
1415 1778 1450 1797 ac
1466 1778 1565 1797 coram
1582 1768 1775 1807 polemarcbo

1079 1815 1195 1850 septem
1209 1810 1321 1840 talenta
1337 1821 1393 1850 pro
1406 1811 1510 1841 eodem
1526 1815 1664 1850 tanquam
1675 1811 1774 1843 libero

1077 1852 1143 1892 ipse
1165 1853 1339 1893 spopondit.
1368 1852 1439 1894 (Θῖ)
1466 1853 1596 1889 Deinde,
1613 1853 1664 1883 ubi
1680 1855 1773 1884 Pasio

1077 1905 1200 1933 puerum
1218 1896 1376 1934 quaestioni
1390 1896 1508 1927 tradere
1525 1902 1660 1936 paratum
1678 1907 1711 1926 se
1726 1898 1772 1927 di-

1077 1943 1174 1973 xerat,
1204 1949 1321 1978 egoque
1351 1939 1529 1977 quaesitores
1560 1939 1715 1980 rogabam,
1739 1944 1772 1970 nt

1077 1980 1260 2020 flagellarent
1281 1982 1365 2010 iilum
1390 1985 1421 2010 et
1445 1986 1630 2020 torquerent,
1649 1982 1718 2017 iste,
1738 1988 1772 2012 nt

1077 2024 1178 2054 verbis
1196 2024 1279 2054 illum
1296 2028 1553 2063 percontarentur,
1570 2023 1597 2054 si
1616 2025 1691 2062 quid
1707 2026 1771 2058 ve]-

1075 2065 1150 2102 lent,
1161 2067 1267 2105 jussit,
1284 2077 1339 2096 nec
1353 2067 1392 2096 de
1409 2066 1558 2096 tradendo
1574 2064 1660 2099 nobis
1676 2078 1770 2106 puero

1075 2110 1236 2148 quidquam
1257 2109 1362 2140 audire
1386 2109 1490 2140 voluit.
1515 2107 1582 2150 (ι’.)
1605 2111 1684 2140 Post
1703 2113 1770 2141 linc

1074 2153 1133 2182 sibi
1152 2152 1264 2182 nullum
1285 2157 1389 2191 patere
1416 2152 1593 2182 existimaus
1613 2152 1769 2192 effugium,

1074 2195 1100 2224 si
1114 2195 1150 2224 ad
1161 2196 1281 2232 judices
1292 2195 1416 2230 iret,me
1427 2194 1558 2234 rogavit,
1570 2194 1642 2225 utin
1655 2197 1767 2235 templo

1073 2248 1106 2266 se
1117 2238 1319 2268 convenirem.
1342 2238 1508 2276 Postquam
1519 2247 1769 2275 conveneramus,

1072 2285 1248 2319 paupertate
1264 2291 1295 2310 se
1311 2280 1448 2310 adactum
1459 2280 1594 2315 dicebat,
1605 2285 1639 2310 nt
1653 2281 1711 2311 iret
1723 2281 1768 2312 iu-

1073 2323 1174 2361 ficias;
1198 2323 1250 2352 sed
1265 2323 1350 2353 brevi
1365 2333 1488 2362 operam
1501 2323 1656 2359 daturum,
1671 2328 1704 2354 nt
1716 2335 1767 2365 pe-

1072 2366 1175 2395 cunias
1204 2366 1358 2401 redderet,
1383 2375 1490 2405 meque
1518 2367 1710 2405 precabatur,
1732 2372 1768 2398 ut

1073 2409 1131 2438 sibi
1147 2409 1351 2448 ignoscerem.
1372 2419 1409 2438 ne
1431 2408 1659 2445 rescisoeretnr,
1675 2419 1708 2440 se
1727 2410 1766 2440 ad

1071 2451 1150 2482 buno
1175 2452 1298 2482 modum
1326 2451 1507 2491 deliquisse.
1555 2451 1671 2482 Triduo
1690 2457 1767 2492 ¹post:

1070 2495 1224 2534 congressi
1238 2495 1330 2525 fidem
1343 2495 1494 2530 dedimus,
1508 2494 1630 2524 omnino
1640 2494 1764 2527 tacitum

1071 2536 1123 2573 iri,
1139 2548 1206 2577 quae
1222 2543 1288 2568 acta
1303 2543 1417 2575 essent,
1433 2547 1468 2569 ac
1484 2537 1641 2577 pollicitus
1652 2541 1714 2576 est,
1730 2548 1764 2568 se

1070 2580 1099 2610 in
1128 2581 1259 2611 Pontum
1287 2580 1499 2618 navigaturum
1525 2579 1629 2619 ibique
1642 2612 1645 2613 ⁷
1656 2591 1765 2611 annum

1069 2624 1269 2653 redditurum.
1312 2625 1387 2662 Quae
1406 2625 1435 2654 ni
1451 2622 1586 2658 fecisset,
1608 2622 1765 2654 arbitrium

1070 2666 1162 2696 certis
1184 2666 1408 2697 conditionibus
1424 2676 1455 2697 se
1469 2665 1506 2695 ad
1522 2665 1660 2704 Satyrum
1681 2666 1765 2696 dela-

1069 2713 1178 2746 turum,
1191 2713 1225 2739 ut
1240 2710 1446 2747 sesquiatterae
1460 2707 1554 2748 partis
1566 2708 1766 2739 damnaretur.

1070 2752 1146 2781 Haec
1167 2757 1256 2791 pacta
1277 2752 1446 2791 conscripta
1461 2750 1575 2790 Pyroni
1591 2751 1716 2781 Pheraeo
1735 2752 1766 2781 in

1070 2796 1198 2825 Pontum
1220 2795 1362 2833 navigare
1378 2795 1479 2829 solito,
1494 2793 1695 2824 custodienda
1714 2795 1767 2824 da-

1069 2848 1147 2872 mus,
1162 2847 1197 2867 ea
1213 2838 1396 2872 conditione,
1417 2841 1460 2871 ut,
1482 2835 1507 2864 si
1528 2835 1607 2865 inter
1625 2847 1680 2866 nos
1696 2847 1767 2867 con-

1069 2881 1216 2915 venisset,
1227 2880 1371 2919 scriptum
1385 2879 1586 2914 combureret,
1598 2878 1645 2909 sin
1657 2879 1766 2916 minus,

1069 2928 1103 2952 ut
1130 2924 1240 2964 Satyro
1270 2922 1410 2952 traderet.
1467 2919 1548 2963 (ια’.)
1578 2923 1766 2952 Menexenus

1069 2970 1181 3001 autern,
1199 2965 1293 2995 iratus
1310 2964 1349 2994 ob
1366 2964 1478 2994 crimen
1498 2963 1554 2992 sibi
1571 2964 1660 2994 etiam
1676 2975 1694 2993 a
1709 2965 1766 2995 P·-

1069 3008 1151 3038 sioue
1176 3009 1339 3046 objectum,
1362 3007 1412 3036 die
1436 3007 1479 3036 illi
1505 3005 1587 3036 dicta
1612 3006 1711 3046 petiit,
1735 3015 1766 3037 ut

261 906 336 943 Pag.
1005 926 1128 932 —--.
1805 905 1881 944 Pag.

284 948 335 978 ed.
1803 947 1853 976 ed.

263 991 335 1020 Cor.
384 1016 397 1031 Ι
693 1016 705 1030 ³
764 1016 775 1033 t
964 1017 983 1035 l
1090 1016 1102 1031 ,
1171 1013 1184 1034 x
1263 1015 1286 1037 φ
1323 1013 1343 1034 ²!
1684 1014 1700 1035 l
1774 1016 1787 1031 ‚
1806 989 1914 1030 H.Ste1

256 1037 333 1072 358
351 1042 408 1068 α.
435 1025 478 1068 Ο
506 1025 646 1067 ΜΕΝ
671 1040 793 1081 αγων
817 1041 889 1086 μοι
915 1039 1061 1086 μεγας
1086 1039 1224 1078 εστιν,
1251 1041 1282 1067 ω
1309 1013 1451 1091 ανδρες
1476 1013 1710 1068 &nac-rm.
1739 1040 1785 1070 ou
1803 1035 1881 1071 358
