1914 3314
743 185 1075 228 PRAEFATIO.
1547 183 1627 224 327

193 304 388 356 pissimam
421 301 628 349 licentiam,
657 306 710 346 εἷς
740 305 986 356 ὀχλοκρατίαν
1014 303 1073 339 καὶ
1101 302 1303 352 ἀναρχίαν,
1327 300 1375 338 ab
1403 301 1520 337 altera
1538 312 1629 337 vero

194 372 303 416 parte
322 365 360 402 in
378 377 587 415 paucorum
607 365 846 415 tyrannidem
874 364 950 401 sive
971 361 1198 412 ὀλιγαρχίαν
1219 374 1402 399 conversa
1421 360 1543 398 fuerat
1561 360 1624 411 (cf

195 425 354 463 Wolfius
379 425 487 462 initio
506 426 690 472 Annot.);
721 425 836 469 iliam,
863 425 1034 474 inquam,
1063 423 1259 473 pristinam
1285 423 1381 473 reip.
1406 422 1563 460 formam
1593 422 1630 460 in

195 485 396 536 praesentis
407 486 575 537 perversi
590 492 629 524 et
646 486 817 536 corrupti
832 499 956 524 rerum
971 492 1093 523 status
1105 485 1232 522 locum
1246 484 1519 522 restituendam
1534 497 1631 531 esse,

196 559 382 584 summum
404 552 460 584 est
480 547 643 585 dicentis
669 547 883 592 consilium,
904 546 1233 596 dicendorumque
1255 553 1530 595 argumentum.
1589 546 1631 583 In

196 620 274 657 quo
289 608 560 658 pertractando
574 608 624 645 ita
635 615 806 646 versatur
820 615 860 646 ut
871 608 1068 657 utriusque
1081 608 1190 658 Reip.
1202 607 1335 644 formae
1345 607 1516 651 virtutes,
1529 606 1632 651 vitia,

195 668 413 713 commoda,
436 668 680 706 incommoda
701 675 885 719 exponat.
943 669 1141 706 Summam
1162 667 1328 704 omnium
1356 667 1487 715 paucis
1508 667 1635 705 verbis

196 729 420 779 complexus
448 737 505 767 est
532 729 691 767 Photius
721 730 744 768 1.
771 743 806 767 c.
851 730 927 767 Καὶ
957 731 975 766 ὁ
997 728 1300 778 Ἀρεοπαγιτικὸς
1328 727 1376 773 δὲ,
1403 728 1542 777 inquit,
1563 735 1634 766 τῶν

198 789 516 840 συμβουλευτικῶν
536 791 627 837 ἐστὶ,
648 792 862 841 προτρέπων
889 791 974 833 τοὺς
994 790 1218 835 Ἀθηναίους
1239 790 1292 826 ἐπ’
1311 790 1457 838 ἀρετὴν,
1477 789 1513 834 ἐξ
1530 789 1634 827 ἐπαί-

197 867 262 888 νου
279 850 348 902 μὲν
366 858 438 889 τῶν
461 853 758 902 προγεγονότων,
781 850 1012 899 καταδρομῆς
1038 850 1076 887 δὲ
1096 857 1166 887 τῶν
1187 849 1238 887 ἔτι
1263 852 1310 900 τῷ
1330 848 1401 899 βίῳ
1422 852 1632 898 περιόντων.

197 911 349 960 Majore
371 913 546 950 ubertate
568 918 606 949 et
633 912 817 949 orationis
837 911 1028 961 elegantia
1056 911 1263 960 Dionysius
1285 910 1635 948 Halicarnassensis

197 972 235 1010 in
255 972 345 1009 Vita
365 972 547 1009 Isocratis
568 985 605 1021 p.
626 976 690 1011 97.
713 971 850 1020 insigni
871 972 969 1016 loco,
996 984 1112 1021 quem
1134 971 1307 1020 plerique
1329 970 1503 1007 Editores
1524 984 1635 1021 argu-

196 1033 312 1071 menti
329 1033 417 1070 loco
434 1033 556 1082 Operi
578 1033 775 1070 Isocrateo
795 1032 1057 1083 praefixerunt,
1078 1045 1145 1069 nos
1165 1032 1239 1069 hue
1262 1031 1403 1069 referre
1423 1031 1635 1079 maluimus,

197 1099 394 1130 censentes
424 1093 651 1144 Dionysium
685 1107 759 1131 non
789 1094 887 1131 adeo
916 1100 1183 1143 argumentum
1213 1094 1285 1132 sibi
1316 1095 1636 1133 conscribendum

197 1154 419 1205 sumpsisse,
435 1167 550 1205 quam
565 1154 827 1205 praestantiam
841 1155 965 1204 operis
981 1155 1183 1193 ostendere
1200 1155 1379 1200 voluisse,
1399 1155 1447 1193 de
1468 1156 1539 1194 hac
1554 1170 1638 1195 ora-

197 1215 300 1253 tione
321 1215 372 1253 ita
389 1216 543 1254 disserit
561 1229 569 1252 Ξ
599 1216 669 1259 Τίς
690 1215 729 1253 δὲ
747 1216 810 1254 τὸν
828 1216 1133 1267 Ἀρεοπαγιτικὸν
1153 1217 1342 1265 ἀναγνοὺς
1361 1219 1494 1266 λόγον,
1511 1220 1574 1255 οὒκ
1590 1220 1639 1257 ἂν

197 1278 339 1324 γένοιτο
352 1279 592 1328 κοσμιώτερος
606 1290 615 1320 ;
636 1278 658 1322 ἢ
671 1281 728 1320 τίς
740 1280 803 1314 οὒκ
822 1276 872 1315 ἂν
888 1276 1097 1326 θαυμάσειε
1115 1279 1180 1323 τὴν
1194 1276 1374 1325 ἐπιβολὴν
1388 1283 1450 1316 τοῦ
1468 1279 1636 1330 ῥήτορος;

197 1338 239 1381 ὃς
257 1339 435 1389 ἐτόλμησε
454 1338 696 1390 διαλεχθῆναι
714 1340 794 1389 περὶ
813 1342 1001 1382 πολιτείας
1018 1337 1256 1385 Ἀθηναίοις,
1276 1341 1384 1385 ἀξιῶν
1404 1340 1638 1390 μεταθέσθαι

197 1400 270 1448 μὲν
296 1402 361 1444 τὴν
391 1401 471 1438 τότε
500 1402 734 1438 καθεστῶσαν
761 1399 1025 1450 δημοκρατίαν,
1047 1403 1096 1443 ὡς
1125 1401 1275 1450 μεγάλα
1301 1399 1546 1447 βλάπτουσαν
1572 1405 1638 1449 τὴν

198 1463 320 1506 πόλιν,
345 1462 433 1511 ὑπὲρ
461 1461 504 1507 ἧς
529 1465 632 1510 (τῶν)
660 1461 892 1512 δημαγωγῶν
911 1464 1025 1504 οὒθεὶς
1045 1462 1227 1513 ἐπεχείρει
1251 1464 1391 1511 λέγειν·
1416 1462 1562 1514 θεωρῶν
1585 1468 1638 1508 εἷς

198 1523 380 1568 τοσαύτην
400 1525 513 1568 αι’]τὴν
532 1525 825 1573 προεληλυθυῖαν
844 1525 1041 1574 ἀκοσμίαν,
1061 1527 1148 1566 ὥςτε
1169 1523 1260 1573 μηδὲ
1278 1524 1361 1566 τοὺς
1380 1525 1569 1575 ἄρχοντας
1587 1526 1638 1564 ἔτι

200 1591 274 1622 τῶν
292 1584 443 1622 ἰδιωτῶν
462 1589 618 1635 κρατεῖν,
638 1586 721 1621 ἀλλ’
742 1583 895 1622 ἕκαστον
915 1584 948 1628 ὅ,
969 1601 1003 1622 τι
1026 1584 1108 1622 καθ’
1128 1584 1263 1631 ἡδονὴν
1284 1589 1381 1636 αὐτῷ
1403 1590 1559 1634 γίνοιτο,
1580 1590 1640 1625 καὶ

198 1652 375 1683 ποιοῦντα
399 1649 456 1683 καὶ
476 1648 650 1694 λέγοντα,
673 1647 732 1682 καὶ
753 1649 818 1691 τὴν
845 1646 999 1693 ἄκαιρον
1024 1647 1232 1696 παῤῥησίαν
1259 1645 1453 1696 δημοτικὴν
1471 1647 1639 1693 ἐξουσίαν

195 1707 265 1744 ὑπὸ
291 1710 442 1744 πάντων
469 1708 724 1757 νομιζομένην·
756 1706 1030 1745 ἀνασώσασθαι
1059 1705 1094 1744 ’δὲ
1124 1709 1189 1752 τὴν
1217 1707 1287 1744 ὑπὸ
1316 1707 1486 1750 Σόλωνός
1514 1724 1552 1746 τε
1581 1711 1640 1747 καὶ

196 1766 451 1811 Κλεισθένους
471 1770 768 1806 κατασταθεῖσαν
788 1771 993 1806 πολιτείαν·
1018 1768 1062 1814 ἧς
1086 1771 1151 1813 τὴν
1174 1772 1384 1817 προαίρεσιν
1407 1771 1465 1806 καὶ
1488 1773 1532 1807 τὰ
1557 1770 1639 1818 ἐ’ἓηῙ

199 1828 346 1876 διεξιὼν,
376 1828 575 1880 δεινότερον
603 1828 671 1880 μὲν
698 1829 876 1878 ἡγεῖσθαί
906 1838 993 1881 φησι
1028 1829 1110 1872 τούς
1143 1832 1223 1867 τότε
1251 1832 1463 1881 ἀνθρώπους
1494 1832 1533 1870 τὸ
1562 1839 1640 1876 τοῖς

197 1889 460 1941 πρεσβυτέροις
478 1893 674 1937 ἀντειπεῖν,
688 1892 710 1936 ἢ
727 1894 793 1937 τὴν
812 1892 912 1937 τάξιν
932 1891 1046 1929 λύειν
1067 1891 1313 1942 δημοκρατίαν
1333 1891 1368 1929 δὲ
1385 1892 1515 1935 αὐτοὺς
1536 1898 1639 1945 νομί-

198 1953 272 1995 ζειν
298 1956 339 1989 οῦ
365 1954 431 1997 τὴν
451 1951 672 1998 ἀκολασίαν,
697 1954 800 1989 ἀλλὰ
827 1954 892 1997 τὴν
914 1955 1162 2004 σωφροσύνην·
1185 1953 1224 1990 τὸ
1245 1952 1280 1990 δὲ
1306 1952 1495 2003 ἐλεύθερον
1514 1957 1577 1992 οὐκ
1600 1957 1640 1994 ἐν

199 2015 247 2064 τῷ
267 2018 508 2063 καταφρονεῖν
528 2019 600 2050 τῶν
626 2014 834 2063 ἀρχόντων,
855 2014 940 2050 ἀλλ’
959 2013 999 2051 ἐν
1025 2016 1072 2065 τῷ
1099 2016 1144 2051 τὰ
1167 2016 1386 2065 κελευόμενα
1406 2021 1523 2053 ποιεῖν
1544 2016 1640 2054 τίθε-

202 2074 306 2113 σθαι·
330 2075 498 2121 ἐξουσίαν
523 2091 559 2112 τε
578 2073 700 2112 οὐθενὶ
720 2081 790 2113 τῶν
813 2075 1064 2112 ἆκολάστων’
1049 2079 1273 2126 επιτρὲπειν,
1295 2077 1396 2112 ἀλλὰ
1422 2081 1498 2119 τοῖς
1517 2076 1641 2123 βελτί-

447 2135 485 2160 (δ’

202 2151 303 2180 στοις
329 2137 548 2174 ἀνατιψεναι
567 2139 633 2178 τὰς
658 2137 794 2188 ἀρχὰς,
818 2151 1003 2179 τοιουτους
1029 2137 1177 2174 ἔσεσθαι
1203 2152 1285 2179 τους
1313 2136 1452 2180 α’λλους
1472 2139 1641 2190 υπολαμ-

200 2196 390 2245 βάνοντας
415 2196 552 2248 οἷοίπερ
580 2213 629 2234 αν
655 2202 745 2235 ὠσιν
773 2198 806 2234 οἱ
832 2214 898 2242 την
922 2200 1032 2236 πόλιν
1060 2198 1286 2240 διοικοῦντες·
1314 2199 1397 2236 ἀντι
1422 2198 1458 2236 δε
1487 2204 1549 2237 τοῦ
1576 2203 1642 2244 τὰς

202 2258 299 2303 ἶδίας
318 2260 448 2301 ουσίας
468 2259 507 2296 ἐκ
526 2265 597 2296 τῶν
618 2257 806 2306 δημοσίων
825 2258 1073 2311 ἐπανορθοῦν,
1092 2275 1174 2301 τους
1196 2259 1306 2302 ι’ὃίους
1328 2263 1509 2304 πλούτους
1529 2264 1581 2304 εἰς
1599 2264 1643 2300 τὰ

203 2323 303 2358 κοινὰ
322 2327 643 2371 καταχορηγῆσαι·
663 2320 777 2371 χωρὶς
797 2320 835 2362 δὲ
853 2321 1001 2366 τούτων,
1020 2324 1136 2357 πλείω
1153 2322 1217 2365 τὴν
1232 2322 1445 2371 ἐπιμέλειαν
1463 2326 1643 2361 ποιεῖσθαι

203 2381 286 2425 τούς
310 2385 475 2432 πατέρας
501 2388 571 2420 τῶν
590 2382 678 2419 υἱῶν
697 2382 841 2434 ἀνδρῶν
864 2384 1082 2433 γενομένων,
1103 2383 1125 2427 ἢ
1145 2381 1286 2420 παίδων
1309 2383 1424 2421 ὄντων
1443 2384 1642 2423 ἐποιοῦντο·

202 2441 496 2495 ἐνθυμουμένους
524 2446 572 2486 ὡς
600 2446 663 2482 οὒκ
691 2445 727 2491 ἐξ
753 2444 888 2491 ἐκείνης
919 2453 983 2490 τῆς
1013 2443 1210 2489 παιδείας,2
1241 2446 1327 2482 ἀλλ’
1354 2446 1392 2483 ἐκ
1419 2447 1552 2493 ταύτης
1580 2455 1644 2493 τῆς

205 2505 453 2556 σωφροσύνης,
473 2507 624 2555 μᾶλλον
651 2508 840 2557 ὠφελεῖται
860 2505 899 2543 τὸ
926 2506 1060 2543 κοινόν·
1087 2506 1273 2557 κρείττονά
1299 2522 1336 2544 τε
1362 2506 1645 2559 ὑπολαμβάνειν

204 2567 250 2603 τὰ
277 2569 422 2618 χρηστὰ
449 2566 720 2618 ἐπιτηδεύματα
748 2574 811 2612 τῆς
845 2565 1023 2617 ἀκριβοῦς
1057 2570 1285 2618 νομοθεσίας,
1317 2574 1546 2613 σκοποῦντας
1574 2573 1646 2624 οὐχ

205 2625 303 2671 ὅπως
331 2633 414 2670 ταῖς
440 2627 628 2678 τιμωρίαις
659 2627 741 2671 τοῦς
768 2629 1055 2679 ἁμαρτάνοντας
1082 2631 1322 2680 ἀνείρξουσιν,
1351 2632 1436 2667 ἀλλ’
1460 2635 1508 2674 ὡς
1533 2631 1646 2682 μηδὲν

206 2688 306 2734 ἄξιον
325 2690 460 2738 ζημίας
479 2688 631 2736 ἕκαστον
653 2688 906 2735 ἐπιτηδεύειν·3
934 2691 992 2727 καὶ
1011 2691 1075 2734 τὴν
1099 2689 1167 2741 μὲν
1186 2690 1343 2743 πατρίδα
1363 2690 1436 2729 δεῖν
1455 2693 1645 2743 οἰομένους

249 2786 259 2805 ¹
283 2788 455 2819 Reiskius'
446 2799 476 2818 iu
496 2788 555 2818 Ed.
578 2788 707 2828 Dionys.
725 2788 800 2818 Hal.
815 2788 850 2818 Τ.
867 2789 906 2817 V.
945 2789 1163 2819 emendandum
1180 2795 1284 2820 censet
1300 2790 1423 2824 παιδίας.
1447 2791 1495 2821 Cf.
1512 2791 1592 2821 Anu.
1608 2791 1645 2820 ad

209 2839 241 2869 p.
255 2832 330 2861 550
345 2831 430 2862 dedit
445 2830 504 2866 ἤθη,
516 2842 605 2871 quem
621 2832 652 2861 in
668 2831 808 2861 hocloco
831 2832 908 2861 refe·
943 2831 1042 2862 locum
1058 2833 1155 2862 Isocr.
1172 2833 1198 2873 §.
1214 2833 1257 2863 ιδ’.

210 2872 303 2902 teudo
323 2878 446 2904 secutus
469 2879 516 2904 est
535 2875 660 2912 Coraes,
685 2884 772 2914 quem
791 2873 862 2904 Vid.
879 2874 907 2904 in
986 2873 999 2892 ³
1021 2875 1218 2906 ReiskiusT.
1234 2877 1273 2906 V.
1288 2887 1320 2916 p
1337 2879 1411 2908 683.
1426 2873 1594 2906 emendat’'
1581 2886 1645 2904 εκιι-

213 2914 537 2956 Ann.·1·.11.p..1oe
944 2928 1012 2950 στος
1036 2916 1193 2949 ἔπιτηδεύη·
1227 2920 1378 2959 Angerius
1401 2918 1521 2952 ἕκαστος
1547 2917 1646 2948 ἐπιτη-

255 2958 267 2978 2
290 2927 437 2996 bangiusp
440 2960 470 2989 in
498 2961 641 2990 Isocratis
672 2961 752 2990 Edit.
776 2970 806 2999 p.
834 2962 906 2990 215.
944 2960 1044 2991 δεύσῃ.
