1924 3314
272 200 328 240 40
801 203 857 243 H.
884 201 1189 243 STEPHANI

274 314 366 351 liari
392 314 542 364 queat.”
596 313 787 351 Caeterum
811 315 987 363 suspicor
1007 314 1209 363 scripsisse
1233 313 1595 362 Harpocrationem,
1617 311 1714 349 Θου-

274 374 416 419 κυδίδης
437 374 464 411 δ’
482 374 523 411 ἐν
540 376 585 427 τῇ
605 378 739 428 πρώτῃ.
761 380 803 411 ut
830 374 1011 411 videlicet
1031 373 1216 424 particula
1237 371 1273 409 δὲ
1297 372 1537 422 praecedenti
1561 371 1629 422 μὲν
1655 383 1713 408 re-

275 435 475 484 spondeat,
495 447 566 484 per
585 435 884 485 oppositionem.
941 435 1017 472 Sed
1040 433 1305 472 emendatione
1331 447 1430 482 opus
1450 434 1592 471 habere
1610 432 1715 470 vide-

274 501 337 532 tur
353 495 415 531 ille
435 495 542 533 locus
561 495 816 545 Th'ucydidis.

324 555 624 601 ΑΥΘΕΝΤΗΣ,
652 558 670 592 ὁ
695 557 879 606 αὐτόχειρ,
897 555 919 598 ἢ
948 556 967 591 ὁ
992 554 1104 592 αὐτὸν
1123 556 1299 603 ἀναιρῶν.
1324 553 1378 590 διὸ
1401 556 1488 602 παρ’
1503 553 1715 603 Ἰσοκράτει,

275 614 467 661 αὐθέντης.
497 615 808 651 HARPOCRAT.

327 675 645 725 Harpocrationis
666 675 773 711 locus
800 674 863 711 hic
884 674 1011 711 donec
1031 686 1111 710 suae
1137 673 1349 721 integritati
1369 673 1566 710 restitutus
1585 671 1714 718 fuerit,

274 737 376 774 haud
394 736 503 774 facile
517 736 630 773 fuerit
645 735 746 772 illius
762 741 927 773 mentem
946 748 992 772 ex
1007 748 1053 772 eo
1072 748 1219 773 eruere.
1249 735 1446 778 Quorsum
1467 733 1567 770 enim
1582 733 1646 771 hic
1663 734 1716 772 διὸ

272 805 362 836 ante
378 800 461 848 παρ’
479 797 677 848 Ἰσοκράτει
697 798 873 841 αὐθέντης
894 795 1078 845 ponitur?
1115 795 1192 832 Sed
1209 795 1344 832 eadem
1361 801 1489 831 tamen
1503 794 1608 844 apud
1629 794 1716 832 Sui-

273 858 360 895 dam
380 858 568 907 scriptura
594 863 731 894 exstat.
788 856 888 893 lund
915 856 1072 906 quidem
1094 858 1270 902 αὐθέντης
1295 855 1462 893 nondum
1489 855 1580 892 mihi
1608 855 1714 905 apud

271 918 479 956 Isocratem
500 918 682 963 occurrit,
703 917 807 967 qnod
831 917 989 967 quidem
1008 916 1266 954 meminerim:
1297 916 1363 953 sed
1386 918 1599 967 αὐτόχειρες
1619 915 1714 965 legi-

274 993 356 1016 mus
374 980 410 1016 in
432 979 618 1028 panegyr.
635 982 666 1025 ξ,
687 977 763 1026 λβ.
783 981 934 1029 μᾶλλον
954 977 990 1015 δὲ
1009 977 1144 1026 ἐτίμων
1163 978 1245 1019 τοὺς
1266 979 1486 1030 αὐτόχειρας
1506 978 1563 1014 καὶ
1581 978 1716 1028 φονέας

273 1043 347 1076 τῶν
369 1042 530 1076 πολιτῶν
554 1040 576 1083 ἢ
596 1039 680 1080 τοὺς
706 1041 841 1086 γονέας
859 1040 944 1080 τοὺς
963 1038 1116 1076 ἑαυτῶν.
1173 1037 1249 1074 Sed
1275 1037 1373 1074 hauc
1394 1036 1470 1074 loci
1492 1037 1601 1074 istius
1625 1037 1718 1074 scri-

273 1106 424 1150 pturam
445 1100 506 1135 vix
526 1106 621 1149 puto
638 1099 687 1136 ab
709 1100 1014 1149 Harpocratione
1029 1099 1200 1150 potuisse
1217 1098 1385 1148 agnosci.
1404 1097 1496 1147 quid
1513 1098 1616 1135 enim
1630 1098 1718 1136 atti-

273 1160 402 1205 nebat,
422 1166 510 1209 post
529 1161 749 1211 αὐτόχειρας
769 1160 866 1197 illud
888 1162 1024 1211 φονέας
1043 1159 1238 1208 adjicere?

323 1219 584 1265 ΔΕΚΑΖΩΝ,
603 1220 811 1270 Ἰσοκράτης
830 1222 909 1272 περὶ
928 1228 992 1265 τῆς
1012 1222 1169 1272 εἰρήνης.
1191 1220 1260 1265 ὅ,τι
1279 1219 1365 1257 ποτὲ
1382 1222 1475 1257 τοῦτ’
1494 1219 1585 1265 ἐστὶ,
1603 1217 1716 1263 δῆλον

616 1281 635 1303 e

266 1283 427 1320 εᾶπασιν.
454 1282 722 1332 Ἐρατοσωένης
740 1281 775 1319 δὲ
795 1283 834 1320 ἐν
853 1288 929 1324 τοῖς
946 1282 1028 1333 περὶ
1047 1289 1111 1327 τῆς
1131 1283 1296 1332 α’ρχαίας
1316 1280 1518 1331 κωμῳδίας,
1539 1278 1656 1317 πόθεν
1675 1279 1716 1317 τὸ
1770 1313 1778 1316 ,

272 1348 429 1393 πρᾶγμα
442 1345 579 1392 ε’ἱρηται
595 1343 712 1389 δηλοῖ,
728 1345 819 1381 οὕτω
835 1345 973 1391 λέγων,
989 1344 1115 1386 Λύκος
1130 1344 1231 1380 ἐστὶν
1245 1346 1342 1391 ἥρως
1357 1342 1447 1391 πρὸς
1462 1348 1539 1384 τοῖς
1557 1342 1598 1379 ἐν
1611 1342 1718 1386 Ἀθή-
1756 1388 1761 1391 Α

270 1418 354 1444 ναις
375 1402 632 1452 δικαστηρίοις,
653 1409 715 1440 τοῦ
743 1403 874 1453 θηρίου
892 1407 1034 1456 μορφὴν
1062 1405 1175 1454 ἔχων,
1196 1403 1288 1453 πρὸς
1315 1405 1357 1441 ὃν
1382 1404 1415 1440 οἱ
1438 1402 1716 1454 δωροδοκοῦντες

268 1466 363 1499 κατὰ
382 1462 467 1499 δέκα
487 1466 703 1513 γιγνόμενοι
732 1467 1032 1514 συνεστρέφοντο.
1052 1464 1141 1502 ὅθεν
1166 1465 1305 1514 ε’ἱρηται
1323 1464 1450 1502 Λύκου
1469 1464 1585 1506 δεκάς.
1613 1463 1718 1513 Ἀρι-

271 1525 444 1569 στοτέλης
460 1522 487 1559 δ’
502 1524 541 1560 ἐν
554 1523 771 1569 Ἀθηναίων
790 1526 973 1575 πολιτείᾳ,
985 1520 1150 1562 ''Avvr'ov
1170 1527 1257 1576 φησὶ
1271 1524 1478 1570 καταδεῖξαι
1495 1524 1536 1562 τὸ
1556 1524 1715 1568 δεκάζειν

269 1589 314 1623 τά
336 1586 560 1633 δικαστήρια.
589 1586 901 1623 HARPOCRAT.

324 1645 588 1691 ΔΕΚΑΖΩΝ,
609 1646 716 1696 apud
744 1647 950 1684 Isocratem
979 1646 1044 1683 De
1066 1658 1173 1696 pace.
1221 1645 1331 1691 Quid
1357 1650 1482 1684 autem
1511 1647 1566 1684 sit
1590 1647 1714 1693 istud,

271 1713 404 1745 notum
432 1713 487 1743 est
517 1708 700 1744 omnibus.
748 1707 1028 1744 Eratosthenes
1056 1713 1180 1745 autem
1209 1708 1252 1744 in
1282 1709 1333 1745 iis
1361 1720 1449 1758 quoe
1478 1707 1523 1746 de
1551 1710 1715 1759 antiqua

269 1768 451 1805 comoedia
478 1768 648 1817 scripsit,
677 1767 779 1805 unde
806 1780 868 1805 res
895 1768 978 1806 ltaec
1006 1769 1110 1807 dicia
1139 1770 1207 1814 sit,
1233 1767 1417 1806 declarat.
1475 1769 1715 1818 Interpretor

270 1835 413 1873 autem,
430 1828 536 1866 haud
549 1832 682 1865 notum
696 1832 750 1865 est
765 1828 939 1865 omnibus
951 1843 962 1864 :
981 1829 1160 1878 quoniam
1177 1828 1337 1879 praefixa
1352 1830 1538 1878 particula
1552 1833 1609 1876 οὐ,
1627 1832 1715 1881 lego

269 1889 311 1925 οὗ
333 1888 443 1933 δῆλον
465 1891 618 1926 ἅπασιν.
676 1889 828 1926 Caetera
848 1902 935 1938 quae
957 1888 1147 1940 adjungit,
1163 1889 1397 1927 conferenda
1413 1903 1499 1928 cum
1515 1891 1560 1929 iis
1583 1905 1671 1942 quae
1692 1907 1715 1931 a

268 1948 489 1994 Zenodoto‚
509 1948 629 1986 Suida
655 1956 693 1986 et
713 1949 928 2000 Hesychio,
949 1951 1181 1988 scribuntur.
1202 1957 1240 1988 et
1267 1950 1454 1988 videndus
1475 1952 1655 1991 Erasmus
1676 1955 1714 1992 in

269 2010 489 2059 proverbio,
511 2010 606 2059 Lupi
628 2009 755 2047 decas.
811 2010 926 2053 Quod
947 2017 1075 2048 autem
1095 2012 1143 2049 ad
1170 2012 1348 2050 Isocratis
1368 2013 1494 2050 locum
1514 2014 1663 2062 attinet,
1682 2016 1716 2054 is

270 2077 393 2107 exstat
413 2071 449 2106 in
472 2070 534 2106 illa
555 2072 725 2108 oratione
744 2075 778 2118 ξ.
798 2072 854 2115 ιζ’.
881 2072 1073 2109 Caeterum
1096 2073 1295 2122 sequendo
1316 2086 1431 2123 quam
1455 2074 1714 2114 habemus-le-

270 2133 450 2178 ctionem,
463 2132 533 2177 ὅ,τι
545 2132 632 2170 ποτὲ
648 2136 742 2171 τοῦτ’
756 2134 834 2172 ἐστὶ
849 2134 960 2179 δῆλον
975 2136 1132 2180 ἅπασιν,
1150 2135 1440 2184 intelligendum
1455 2136 1546 2177 erit:
1568 2137 1715 2176 Notum

271 2207 353 2231 esse
378 2195 535 2244 quidem
564 2195 742 2232 omnibus
763 2196 869 2233 verbi
896 2196 1010 2246 hujus
1032 2210 1154 2242 usum,
1177 2197 1244 2234 sed
1273 2210 1349 2234 non
1370 2197 1461 2234 item
1488 2197 1603 2247 hujus
1625 2212 1715 2237 usus

271 2256 470 2306 originem,
486 2269 614 2293 verum
638 2257 687 2293 ab
708 2257 961 2295 Eratosthene
983 2271 1066 2295 eam
1088 2258 1287 2296 declarari.
1319 2258 1479 2308 Alioqui
1497 2258 1618 2297 videri
1634 2272 1718 2310 pos-

272 2324 330 2356 set
349 2317 607 2361 seribendum‚
630 2320 670 2354 οὐ
695 2317 807 2363 δῆλον
827 2320 960 2358 ἅπασι.
983 2325 1076 2357 tunc
1095 2326 1225 2356 autem
1246 2319 1315 2365 ὅ,τι
1341 2319 1427 2357 ποτὲ
1448 2321 1543 2357 τοῦτ’
1561 2320 1639 2359 ἐστὶ
1656 2321 1714 2359 di-

270 2380 435 2419 cendum
455 2386 556 2416 esset
576 2379 790 2429 significare
808 2394 815 2418 :
846 2381 961 2419 Unde
982 2381 1069 2419 data
1092 2381 1142 2418 sit
1162 2381 1224 2419 isti
1244 2381 1436 2419 vocabulo
1456 2381 1541 2420 haec
1567 2382 1713 2433 signifi-

271 2443 386 2480 catio.
430 2441 507 2478 Sed
527 2440 637 2477 aliter
655 2441 852 2478 locuturus
872 2441 990 2480 fuisse
1006 2442 1169 2488 videtur,
1191 2443 1221 2479 si
1242 2443 1317 2480 hoc
1337 2442 1467 2480 dicere
1483 2443 1679 2482 voluisset.

323 2502 464 2539 ΔΕΚΑ
494 2503 552 2538 καὶ
578 2501 943 2549 ΔΕΚΑΔΟΥΧΟΣ,
967 2504 1178 2554 Ἰσοκράτης
1207 2504 1246 2541 ἐν
1274 2508 1318 2558 τῇ
1343 2503 1433 2554 πρὸς
1461 2506 1716 2556 Καλλίμαχον

270 2565 514 2616 παραγραφῇ.
534 2562 653 2612 ἦρχον
672 2562 738 2613 μὲν
758 2566 832 2612 γάρ
851 2564 884 2601 οἱ
903 2564 1000 2610 δέκα,
1021 2565 1054 2602 οἱ
1072 2567 1165 2616 μετὰ
1191 2566 1275 2607 τοὺς
1293 2565 1489 2615 τριάκοντα
1509 2565 1716 2604 καταστάν-

270 2642 342 2668 τες.
362 2626 532 2674 περὶτῶν
552 2627 641 2660 κατά
670 2627 736 2669 τὴν
761 2628 965 2663 κατάλυσιν
989 2629 1062 2664 τῶν
1084 2626 1279 2675 τριάκοντα
1299 2624 1482 2680 Ἀθήνῃσι
1505 2641 1714 2677 χειροτονη-

268 2686 410 2724 ἓέντων
425 2684 570 2734 ἀνδρῶν
590 2684 688 2729 δέκα,
707 2688 764 2722 καὶ
783 2689 856 2723 τῶν
877 2688 971 2733 ἑξῆς,
985 2688 1124 2736 ε’ίρηκεν
1142 2687 1368 2738 Ἀνδροτίων
1382 2687 1422 2723 ἐν
1443 2690 1486 2741 τῇ
1501 2691 1616 2742 τρίτῃ.
1636 2689 1716 2725 ε’κα-

268 2752 368 2785 λεῖτο
387 2749 511 2798 μέντοι
527 2747 674 2784 τούτων
694 2748 847 2789 ἕκαστος
865 2751 936 2785 τῶν
956 2750 1149 2799 α’ρχόντων
1168 2748 1398 2800 δεκαδοῦχος,
1419 2751 1468 2790 ὡς
1489 2747 1601 2793 δῆλον
1620 2755 1716 2786 ποιεῖ

268 2809 420 2850 Λυσίας
440 2808 479 2845 ἐν
499 2810 547 2858 τῷ
565 2810 646 2856 περὶ
664 2816 727 2845 τοῦ
745 2809 946 2856 Διογένους
965 2813 1111 2860 κλήρου.
1142 2810 1456 2847 HARPOCRAT.

319 2868 459 2906 ΔΕΚΑ
487 2873 523 2905 et
549 2867 922 2914 ΔΕΚΑΔΟΥΧΟΣ,
945 2871 1051 2921 apud
1077 2870 1284 2910 Isocratem
1312 2872 1353 2908 in
1384 2871 1621 2921 Exceptione
1649 2871 1716 2910 ad-

270 2942 398 2968 versus
419 2928 709 2968 Callimachum.
759 2929 903 2968 Rerum
915 2929 1013 2968 enim
1027 2932 1283 2981 poliebantur
1299 2932 1372 2968 viri
1389 2931 1524 2978 decem,
1543 2933 1611 2982 qui
1622 2937 1716 2982 post

1914 2489 1924 2597 *v-v-ssa
1917 2377 1924 2471 ἠν-.-
1921 2363 1924 2368 .
1920 2323 1924 2351 ,a
