1914 3314
284 207 392 255 584

280 325 503 395 μεγίστην
526 322 655 414 χάριν
681 322 1038 416 οἷπρὸιδᾶντας,”
1010 348 1170 395 ηκομεν
1196 324 1492 385 ἱκετεύσαντες
1508 325 1572 395 (mi
1591 348 1710 400 περι·
1729 344 1805 380 297

760 210 1246 254 ΙΣΟΚΡΑΤΟΥΣ

282 397 427 449 ι”ὃειν
403 422 522 467 ημας
547 396 696 465 ειρῆνης
726 395 853 460 οὖα-ης
877 398 1162 456 οἷνοιστατους
1189 421 1282 449 vwo
1312 400 1562 459 Θηβαιων1
1575 422 1710 464 ’γεγε-

282 470 486 540 νημένους.
508 485 688 523 πολλων
707 469 751 522 δ’
769 470 845 533 ἤδη
871 495 976 539 προς
1002 472 1117 541 ὑμᾶς
1142 489 1490 537 καταφυγοντων
1515 496 1592 524 και
1579 471 1710 523 dus-

280 544 577 618 πραξαμενων
609 542 789 596 ἅπανθ’
821 543 930 596 ’ὅσ-ων
957 542 1252 608 ἐδεήθην-σιν,2
1261 544 1491 615 ἡγούμεθα
1514 546 1711 612 μάλισθ

279 620 375 687 υμῖν
399 620 625 686 προσήκειν
644 642 740 692 περι
767 618 844 679 τῆς
867 619 1082 708 ἡμετέρας
1106 621 1275 678 πόλεως
1294 619 1580 680 ποιήσασθαι
1600 618 1711 693 ‘areo'-

279 709 406 743 νοιαν·
438 691 536 744 ου’τε
563 716 652 759 γαρ
677 693 731 743 ἀν
757 690 1037 766 3αὸικωτεξον
1070 691 1285 751 ουὸἔνοις
1262 716 1378 762 ημων
1403 690 1559 784 εὕροιτε
1585 706 1712 753 τηλι-

279 765 467 824 καύταις
492 776 748 859 ffvffispeloeoefg
759 765 1190 857 περιπεπτωκότας,
1213 764 1301 817 οὔτ
1320 789 1369 817 εκ
1390 765 1587 824 πλείονος
1585 763 1756 856 X?⁰·b

279 862 345 891 νου
374 864 479 914 προς
504 864 580 902 την
605 840 814 913 υμετέρων
839 838 966 891 πόλιν
986 838 1233 914 οἰκειότερον
1259 832 1604 909 ὃιακειμεᾘους
1585 863 1649 890 ετι
1672 836 1713 890 δε

298 952 487 993 4γενομένους
502 954 537 983 Α.
551 954 586 984 C.
602 955 637 983 Ιι.

850 953 863 970 ²
885 955 989 983 πολλὴν
1004 953 1151 992 &yoniam
1162 954 1300 992 μάλιστα.
1315 954 1458 994 vrgao-utum
1473 954 1541 992 ὑμῖν
1555 954 1593 983 Α.
1607 953 1644 982 C.
1658 954 1693 982 L.

741 995 754 1013 ³
776 996 934 1035 ἄδικώτεξῡν
948 995 1054 1029 οὗδὲνας
1068 997 1099 1025 ἂν
1114 998 1152 1026 Α.
1165 998 1202 1026 C.
1216 997 1250 1026 L.

277 1097 480 1127 propugnare,
493 1087 787 1126 Lacedaemoniisque
804 1088 901 1125 magni
914 1098 978 1117 mo-

278 1130 371 1160 menti
388 1131 518 1161 futurum
535 1132 600 1165 hoc,
612 1131 637 1159 si
650 1131 857 1160 Thebanorum
874 1141 976 1159 secum

278 1174 490 1211 conjunxerint
509 1173 672 1203 civitatem.
718 1171 794 1214 (ιε’.)
819 1174 884 1212 Ego
906 1183 978 1202 vero

277 1217 486 1245 Thebanorum
499 1216 709 1250 defectionem,
723 1226 781 1253 qua
796 1215 912 1254 patroni
928 1226 978 1245 eo-

276 1269 343 1291 rnm
360 1269 416 1288 vos
433 1263 555 1293 terrent,
572 1268 668 1296 neque
690 1264 782 1288 ratam
805 1259 868 1287 fore
883 1268 979 1296 neque

279 1301 372 1330 sociis
388 1302 557 1330 obfuturam
577 1301 717 1336 arbitror,
732 1311 822 1340 quum
838 1311 885 1330 res
901 1301 979 1330 The-

277 1344 422 1374 banorum
444 1343 486 1372 ita
509 1344 679 1382 desperatae
706 1343 778 1378 sint,
799 1348 830 1372 ut
856 1348 980 1381 propter

277 1386 389 1415 civium
400 1386 582 1416 discordiam
595 1396 629 1416 ac
645 1386 834 1416 finitimorum
851 1385 979 1414 inimici-

277 1429 335 1459 tias
349 1436 479 1458 vestrum
497 1429 597 1468 potins
611 1428 769 1467 imperium
783 1439 871 1467 quam
889 1428 980 1457 Lace-

277 1472 489 1503 daemoniorum
518 1472 694 1501 societatem
721 1471 798 1500 inire
824 1475 980 1509 cogantur,

277 1514 368 1544 sicuti
379 1516 440 1552 jam
451 1514 508 1543 alia
518 1515 678 1544 occasione
695 1514 768 1542 satis
782 1514 979 1543 declararunt.

277 1556 362 1597 (ις’.)
379 1558 490 1586 verum
501 1561 654 1586 transeant
665 1557 703 1585 ad
714 1556 960 1585 Lacedaemonios
972 1567 978 1585 :

279 1610 333 1630 vos
348 1600 446 1634 dccet,
464 1600 579 1630 foedera
593 1609 627 1628 ac
645 1609 746 1638 pacem
766 1599 864 1637 pluris
881 1598 980 1628 facere

277 1653 364 1681 quain
376 1643 547 1676 Thebanos,
557 1651 602 1678 ac,
613 1652 695 1671 more
704 1643 859 1680 majorum,
868 1641 981 1680 probra

277 1685 373 1723 magis
397 1694 485 1722 quam
509 1685 645 1723 pericula
670 1684 787 1718 timere,
811 1684 978 1723 praesertim

278 1737 368 1765 quum
389 1727 517 1756 victoria
536 1727 662 1765 justitiae
690 1727 866 1757 defensores
893 1727 979 1765 sequi

277 1771 384 1806 soleat,
409 1768 487 1810 (ιζ’.)
501 1776 533 1800 nt
549 1776 680 1800 vestrum
698 1781 731 1799 ac
751 1770 974 1800 Lacedaemoni-

277 1823 362 1842 orum
386 1814 558 1851 exemplum
580 1813 653 1842 satis
674 1813 798 1849 docuit3
821 1824 876 1842 vos
899 1813 979 1843 enim

277 1856 418 1894 injustam
429 1856 725 1886 Lacedaemoniorum
734 1855 978 1890 dominationem,

277 1898 307 1927 hi
320 1904 448 1928 vestram
457 1898 671 1933 dissolverunt,
680 1899 894 1936 utriqnejustae
908 1909 978 1927 cau-

277 1951 319 1970 sae
343 1941 521 1972 defensione
544 1941 647 1980 plures
669 1941 771 1970 socios
800 1941 980 1970 allicientes.

276 1982 354 2024 (ιη’.)
375 1984 472 2014 Nemo
487 1983 581 2022 igitur
598 1989 729 2014 vestrum
742 1983 771 2013 in
782 1983 980 2013 defendendis

276 2027 384 2065 injuria
413 2027 529 2056 affectis
557 2027 691 2066 pericula
720 2027 904 2060 reformidet,
925 2037 980 2055 neo

278 2070 377 2099 socios
399 2069 458 2099 sibi
477 2070 580 2100 defore
600 2070 773 2104 arbitretur,
800 2069 851 2098 ubi
879 2074 980 2099 osten-

278 2112 395 2147 deritis,
412 2123 465 2141 vos
484 2120 604 2151 paratos
621 2123 690 2142 esse
710 2113 746 2142 ad
765 2111 843 2142 bella
857 2121 913 2150 pro
927 2111 981 2141 de·

276 2155 412 2185 tensione
422 2155 480 2184 foed
486 2165 569 2186 erum
579 2155 781 2193 suscipienda.
803 2155 908 2184 Nonne
917 2154 981 2185 haeo

276 2197 343 2236 ipsa
354 2207 446 2228 causa
459 2203 503 2229 est
516 2208 608 2236 quare
623 2197 857 2228 Lacedaemoniis
871 2196 979 2227 bellurn

278 2239 444 2271 intulistis?
480 2241 562 2281 Quid
586 2241 685 2270 socios
707 2241 895 2279 cogitaturos
911 2240 980 2278 opi-

281 2284 401 2318 namini,
425 2283 450 2312 si
478 2284 558 2314 idem
583 2283 734 2314 Thebanis
757 2284 872 2319 liceret,
896 2283 978 2321 quod

279 2326 517 2357 Lacedaemoniis
526 2326 708 2365 prohibituri
716 2326 803 2362 estis,
810 2326 979 2364 praesertim

281 2378 371 2405 quum
385 2369 520 2400 Thebani
543 2370 683 2399 continuo
704 2380 721 2400 a
743 2367 979 2400 Lacedaemoniis

282 2411 432 2446 steterint,
452 2422 507 2442 uos
524 2422 608 2447 vero,
625 2412 836 2450 longissimum
859 2417 980 2450 tempus

283 2458 398 2483 vestras
415 2460 515 2492 partes
533 2455 642 2491 secuti,
658 2455 789 2485 omnium
810 2454 979 2485 mortalium

281 2495 442 2525 miserrimi
472 2497 589 2527 simus?
637 2496 718 2538 (16¹.)
742 2499 824 2528 Urbe
849 2502 881 2526 et
908 2507 980 2536 agro

281 2538 480 2577 omnibusque
497 2540 623 2570 fortunis
644 2551 702 2571 uno
720 2541 770 2571 die
786 2541 919 2579 spoliati,
935 2550 981 2570 er-

281 2591 369 2611 rones
392 2582 464 2611 facti
487 2583 648 2618 nescimus,
665 2592 725 2623 quo
746 2593 801 2613 uos
821 2588 980 2613 converta-

284 2634 360 2655 mus.
406 2624 549 2655 Parentes
562 2626 685 2665 indigno
701 2626 790 2656 modo
805 2626 857 2662 ali,
869 2625 981 2655 liberos

282 2676 341 2696 non
358 2676 403 2701 ea,
414 2677 472 2705 qua
484 2667 553 2697 illos
572 2669 772 2707 suscepimus,
787 2679 841 2707 spe
857 2667 980 2699 educari

283 2709 433 2740 dolemus.
463 2709 556 2740 Cives
571 2721 588 2740 a
602 2712 734 2748 civibus,
753 2722 862 2742 uxores
877 2722 894 2742 a
909 2722 981 2741 oon·

279 2751 420 2792 jugibus,
440 2752 530 2782 liberi
553 2763 568 2782 a
590 2754 736 2783 matribus
757 2754 870 2784 divulsi
898 2759 982 2789 sunt,

284 2798 408 2833 totaque
423 2795 560 2833 cognatio
575 2797 614 2825 ob
632 2797 731 2826 victus
745 2797 912 2827 communis
928 2807 981 2836 pe-

284 2837 402 2867 nuriam
428 2837 586 2876 dissipata.
640 2839 766 2877 Reliqua
795 2841 982 2878 paupertatis

284 2880 447 2919 exsiliique
462 2881 573 2918 probra
588 2881 758 2920 pudibundi
781 2883 980 2920 praeterimns.

284 2921 355 2962 (κ’.)
380 2923 588 2955 Consideretis
616 2924 750 2962 insuper,
776 2935 926 2962 rogamus,
952 2932 981 2956 et

285 2966 495 2997 benevolentia
510 2976 564 2997 uos
581 2972 613 2996 et
633 2967 808 3004 cognatione
825 2969 980 2998 vobiscum

285 3010 462 3047 conjunctos
484 3019 566 3039 esse:
591 3009 726 3049 plerique
747 3010 825 3040 enim
849 3015 981 3041 nostrum

1013 1098 1028 1117 e
1045 1088 1154 1118 vestris
1171 1089 1289 1118 filiabus
1305 1089 1456 1127 progeniti
1478 1099 1597 1125 sumus;
1621 1095 1713 1127 utque

1013 1131 1084 1161 olim
1102 1132 1208 1169 patriae
1225 1137 1334 1161 vestrae
1353 1132 1405 1172 jus
1420 1132 1562 1167 dedistis,
1578 1132 1620 1161 ita
1635 1141 1714 1160 nunc

1012 1175 1139 1212 patriam
1170 1185 1289 1213 quoque
1319 1178 1448 1203 nostram
1477 1175 1603 1204 reddere
1626 1174 1714 1203 nobis

1014 1216 1127 1247 velitis.
1168 1217 1199 1245 Si
1214 1217 1323 1254 singuli
1341 1217 1548 1246 misericordia
1563 1217 1646 1256 digni
1663 1217 1715 1246 ha-

1012 1259 1130 1294 bentur,
1147 1259 1250 1297 quidni
1266 1265 1329 1289 tota
1343 1259 1463 1294 civitas,
1475 1265 1579 1289 contra
1595 1269 1714 1289 omnem

1013 1301 1183 1339 aequitatem
1200 1311 1320 1336 eversa,
1338 1308 1469 1331 vestram
1489 1302 1714 1332 miserationem

1013 1344 1221 1372 commoveat'.
1243 1343 1332 1382 (aad.)
1347 1345 1450 1374 Vestri
1465 1346 1608 1382 majores,
1622 1345 1713 1383 Argi-

1015 1385 1073 1423 vis,
1088 1387 1126 1415 ob
1142 1391 1251 1423 negata
1267 1396 1285 1416 a
1298 1386 1450 1416 Thebanis
1466 1387 1625 1421 cadavera,
1642 1397 1714 1426 sup·

1013 1428 1144 1466 plicibus
1161 1428 1313 1466 opitulati,
1328 1434 1438 1457 vestrae
1457 1428 1575 1458 civitati
1593 1429 1715 1458 immor-

1014 1470 1102 1500 talem
1131 1470 1258 1508 gloriam
1285 1471 1480 1509 reliquerunt.
1526 1472 1617 1501 Facta
1641 1482 1715 1501 vero

1013 1515 1157 1552 majorum
1174 1514 1231 1543 sibi
1246 1513 1328 1543 laudi
1340 1514 1454 1543 ducere
1469 1518 1499 1543 et
1511 1514 1551 1543 de
1566 1514 1715 1552 supplici·

1015 1556 1072 1587 bus
1087 1566 1176 1585 secus
1192 1562 1336 1591 statuere,
1351 1561 1440 1596 turpe
1456 1561 1515 1586 est.
1544 1555 1636 1597 (xB'.)
1651 1557 1718 1586 Ac-

1013 1599 1108 1634 cedit,
1124 1599 1205 1637 quod
1223 1606 1334 1629 nostrae
1350 1609 1457 1638 preces
1472 1600 1629 1638 graviores
1645 1605 1715 1630 sunt

1013 1642 1200 1680 etjustiores
1214 1643 1396 1680 Argivorum
1411 1642 1486 1676 iltis.
1499 1647 1603 1681 utpote
1617 1643 1669 1682 qui
1683 1642 1714 1673 in

1013 1684 1138 1714 alienam
1160 1685 1304 1714 ditionem
1328 1686 1472 1724 impetum
1495 1685 1641 1722 fecerant,
1660 1696 1714 1715 nos

1013 1726 1051 1757 de
1080 1727 1177 1765 patria
1204 1728 1380 1766 recipienda
1407 1727 1630 1766 supplicamus;
1669 1729 1714 1757 illi

1012 1770 1204 1805 cadaverum,
1217 1780 1270 1800 nos
1282 1770 1475 1809 superstitum
1490 1770 1713 1800 restitutionem

1012 1813 1156 1851 petimus,
1189 1814 1330 1843 maximis
1363 1814 1450 1843 malis
1484 1823 1713 1852 oppressorum.

1013 1854 1106 1894 (κγ’.)
1128 1856 1311 1885 Restituatis
1332 1856 1426 1894 igitur
1445 1856 1532 1885 uobis
1554 1857 1658 1885 urbem
1683 1861 1714 1886 et

1012 1907 1126 1936 agrum,
1148 1898 1334 1937 gratiamque
1352 1899 1491 1928 referatis
1510 1898 1561 1932 iis,
1584 1899 1634 1938 qui
1655 1899 1713 1928 soli

1013 1942 1187 1970 Graecornm
1216 1942 1342 1971 Persico
1364 1941 1446 1971 bello
1472 1940 1632 1979 majoribus
1662 1951 1714 1970 ve—

1013 1983 1085 2012 stris
1100 1983 1203 2021 patriae
1216 1988 1403 2014 conservatae
1419 1984 1573 2022 adjutores
1584 1984 1714 2021 fuimus;

1014 2024 1104 2066 (223‘.)
1134 2031 1164 2056 et
1193 2026 1252 2056 uisi
1282 2031 1428 2061 nostrum,
1454 2026 1589 2065 regionis
1614 2032 1713 2057 tamen

1014 2074 1124 2098 nostrae
1144 2079 1244 2099 curam
1262 2070 1385 2108 geratis,
1407 2071 1436 2100 in
1453 2079 1513 2108 qua
1528 2069 1714 2108 splendidis-

1015 2111 1091 2141 sima
1112 2111 1233 2141 virtutis
1256 2118 1366 2142 vestrae
1389 2117 1582 2142 monumenta
1607 2112 1713 2142 relicta

1015 2159 1095 2189 sunt,
1121 2165 1248 2193 quaeque
1267 2154 1415 2191 Thebani,
1441 2160 1580 2193 tanquam
1605 2159 1712 2184 contu-

1013 2197 1111 2226 meliae
1134 2207 1198 2226 suae
1218 2198 1410 2234 documenta,
1433 2197 1603 2227 certissime
1629 2197 1714 2228 dele·

1014 2240 1096 2270 bunt.
1121 2240 1335 2270 Recordemini
1344 2241 1468 2270 heroum
1478 2240 1561 2270 illius
1569 2239 1715 2278 regionis,

1013 2283 1122 2320 quibus
1145 2283 1316 2313 faventibus
1339 2288 1370 2313 et
1390 2284 1552 2313 'l'liebauos
1575 2283 1660 2321 ipsos
1684 2289 1715 2312 et

1013 2325 1146 2363 reliquos
1158 2326 1281 2356 Graecos
1297 2326 1328 2356 in
1340 2326 1511 2356 libertatem
1522 2325 1714 2356 vindicastis.

1014 2369 1165 2405 Cogitate,
1188 2369 1299 2408 quibus
1323 2374 1425 2398 esseut
1450 2368 1557 2398 animis
1583 2370 1714 2407 majores

1014 2411 1118 2447 vestri,
1135 2411 1161 2442 si
1184 2412 1470 2447 animadverterent,
1489 2421 1553 2446 eos,
1567 2411 1620 2450 qni
1636 2412 1712 2441 Bar·

1014 2453 1094 2483 baris
1120 2455 1236 2484 servire
1262 2454 1433 2490 maluerint,
1458 2455 1632 2484 Graecorum
1657 2453 1712 2483 do-

1015 2497 1112 2526 minos
1123 2497 1230 2533 factos,
1242 2508 1308 2533 uos,
1320 2496 1371 2536 qui
1383 2508 1440 2537 pro
1452 2495 1713 2527 tuendalibertate

1015 2543 1164 2571 strenuam
1177 2550 1299 2579 operam
1309 2540 1498 2576 navavimus‚
1507 2539 1590 2570 solos
1601 2549 1618 2569 e
1628 2539 1713 2569 Grue-

1014 2582 1058 2612 eis
1074 2593 1235 2622 oppressos
1255 2593 1332 2614 esse.
1376 2581 1463 2623 (κε’.)
1483 2581 1577 2612 Mitto
1597 2581 1715 2620 reliqua

1015 2625 1165 2664 vobisque
1175 2626 1251 2665 ipsis
1260 2625 1456 2656 deliberanda
1463 2623 1614 2662 relinquo,
1622 2634 1714 2663 quum

1016 2668 1103 2698 brevi
1119 2669 1172 2698 liao
1187 2669 1324 2700 oratione
1339 2666 1558 2708 comprehendi
1570 2666 1623 2696 vix
1639 2677 1713 2705 que-

1015 2716 1075 2740 ant.
1102 2711 1306 2750 Jurisjurandi
1321 2721 1357 2741 ao
1368 2711 1514 2741 t'oederum
1530 2709 1714 2739 benevolen-

1014 2754 1126 2793 tiaeque
1153 2760 1262 2784 nostrae
1286 2759 1317 2784 et
1341 2753 1550 2784 Thebanorum
1578 2752 1715 2790 perfidiae

1015 2807 1174 2833 memores,
1197 2797 1239 2827 ita
1257 2798 1296 2827 de
1317 2796 1404 2826 nobis
1427 2800 1559 2825 statuere
1583 2804 1638 2824 vos
1660 2795 1716 2825 ob-

1016 2849 1180 2875 secramus,
1211 2844 1242 2870 ut
1265 2841 1314 2878 jus
1341 2843 1373 2869 et
1400 2847 1519 2877 aequum
1548 2837 1715 2876 postulant.

1015 2883 1126 2913 Lino.

1059 2926 1122 2958 Τοῖς
1131 2923 1299 2964 εὐεργέταις]
1318 2924 1363 2955 Cf.
1373 2923 1495 2954 Panath.
1509 2922 1535 2962 §.
1547 2920 1598 2953 λε’.
1611 2921 1715 2954 IDEM.

1058 2966 1266 3006 Ἀνιο-τίιτους]
1292 2967 1338 2997 Cf.
1362 2965 1485 2997 Arohid.
1510 2966 1537 3006 ᾧ.
1559 2964 1602 2996 θ’.
1622 2970 1653 2996 et
1676 2965 1718 2996 de

1018 3012 1099 3041 Pace
1113 3010 1138 3049 §.
1155 3008 1188 3049 ζ’.
1213 3010 1316 3039 lnam.
