<?xml version="1.0" encoding="UTF-8"?>
<!DOCTYPE html PUBLIC "-//W3C//DTD XHTML 1.0 Transitional//EN"
    "http://www.w3.org/TR/xhtml1/DTD/xhtml1-transitional.dtd">
<html xmlns="http://www.w3.org/1999/xhtml" xml:lang="en" lang="en">
 <head>
  <title>
</title>
<meta http-equiv="Content-Type" content="text/html;charset=utf-8" />
  <meta name='ocr-system' content='tesseract 3.04.00' />
  <meta name='ocr-capabilities' content='ocr_page ocr_carea ocr_par ocr_line ocrx_word'/>
</head>
<body>
  <div class='ocr_page' id='page_1' title='image "./oratoresatticie03dobs/oratoresatticie03dobs_0621.png"; bbox 0 0 1914 3314; ppageno 0'>
   <div class='ocr_carea' id='block_1_1' title="bbox 479 219 648 261">
    <p class='ocr_par' dir='ltr' id='par_1_1' title="bbox 479 219 648 261">
     <span class='ocr_line' id='line_1_1' title="bbox 479 219 648 261; baseline -0.006 0"><span class='ocrx_word' id='word_1_1' title='bbox 479 219 648 261; x_wconf 86' lang='grc' dir='ltr'>ΠΕΡΙ</span> 
     </span>
    </p>
   </div>
   <div class='ocr_carea' id='block_1_2' title="bbox 679 216 1235 262">
    <p class='ocr_par' dir='ltr' id='par_1_2' title="bbox 679 216 1235 262">
     <span class='ocr_line' id='line_1_2' title="bbox 679 216 1235 262; baseline -0.007 0"><span class='ocrx_word' id='word_1_2' title='bbox 679 216 1235 262; x_wconf 77' lang='grc' dir='ltr'><strong>ἈΝΤΙΔΟΣΕΩΣ.</strong></span> 
     </span>
    </p>
   </div>
   <div class='ocr_carea' id='block_1_3' title="bbox 1469 206 1579 261">
    <p class='ocr_par' dir='ltr' id='par_1_3' title="bbox 1469 206 1579 261">
     <span class='ocr_line' id='line_1_3' title="bbox 1469 206 1579 261; baseline 0.055 -5"><span class='ocrx_word' id='word_1_3' title='bbox 1469 206 1579 261; x_wconf 82' lang='grc'>599</span> 
     </span>
    </p>
   </div>
   <div class='ocr_carea' id='block_1_4' title="bbox 155 327 1585 487">
    <p class='ocr_par' dir='ltr' id='par_1_4' title="bbox 155 327 1585 487">
     <span class='ocr_line' id='line_1_4' title="bbox 155 327 1585 433; baseline -0.007 -40"><span class='ocrx_word' id='word_1_4' title='bbox 155 339 264 394; x_wconf 61' lang='grc' dir='ltr'><em>Ουδὲν</em></span> <span class='ocrx_word' id='word_1_5' title='bbox 303 340 356 392; x_wconf 70' lang='grc' dir='ltr'>ἄν</span> <span class='ocrx_word' id='word_1_6' title='bbox 402 337 553 409; x_wconf 63' lang='grc' dir='ltr'>Ιοῖμαί</span> <span class='ocrx_word' id='word_1_7' title='bbox 590 337 967 433; x_wconf 55' lang='grc' dir='ltr'><em>προδίαλὲχθηναί</em></span> <span class='ocrx_word' id='word_1_8' title='bbox 990 361 1106 426; x_wconf 58' lang='grc' dir='ltr'><em>,περι</em></span> <span class='ocrx_word' id='word_1_9' title='bbox 1145 355 1290 389; x_wconf 61' lang='lat' dir='ltr'>auron·</span> <span class='ocrx_word' id='word_1_10' title='bbox 1333 359 1395 387; x_wconf 75' lang='lat' dir='ltr'>VUV</span> <span class='ocrx_word' id='word_1_11' title='bbox 1435 331 1475 386; x_wconf 64' lang='grc' dir='ltr'>δε</span> <span class='ocrx_word' id='word_1_12' title='bbox 1514 327 1585 384; x_wconf 63' lang='grc' dir='ltr'>δια</span> 
     </span>
     <span class='ocr_line' id='line_1_5' title="bbox 156 410 1582 487; baseline -0.007 -19"><span class='ocrx_word' id='word_1_13' title='bbox 156 439 232 476; x_wconf 73' lang='grc' dir='ltr'>Την</span> <span class='ocrx_word' id='word_1_14' title='bbox 259 438 500 476; x_wconf 67' lang='grc' dir='ltr'><em>καίνΟΤηΤα</em></span> <span class='ocrx_word' id='word_1_15' title='bbox 524 437 603 466; x_wconf 68' lang='grc' dir='ltr'>καί</span> <span class='ocrx_word' id='word_1_16' title='bbox 640 438 716 475; x_wconf 66' lang='lat' dir='ltr'>Tm!</span> <span class='ocrx_word' id='word_1_17' title='bbox 743 411 1001 487; x_wconf 59' lang='grc' dir='ltr'>διαφορῶν</span> <span class='ocrx_word' id='word_1_18' title='bbox 969 435 1215 478; x_wconf 63' lang='lat' dir='ltr'><em>oevoe‘yzouov</em></span> <span class='ocrx_word' id='word_1_19' title='bbox 1241 410 1337 463; x_wconf 64' lang='lat'>{1771</span> <span class='ocrx_word' id='word_1_20' title='bbox 1365 430 1582 483; x_wconf 65' lang='lat' dir='ltr'>voventem</span> 
     </span>
    </p>
   </div>
   <div class='ocr_carea' id='block_1_5' title="bbox 751 523 989 554">
    <p class='ocr_par' dir='ltr' id='par_1_5' title="bbox 751 523 989 554">
     <span class='ocr_line' id='line_1_6' title="bbox 751 523 989 554; baseline -0.01 0.3"><span class='ocrx_word' id='word_1_21' title='bbox 751 523 833 554; x_wconf 61' lang='grc' dir='ltr'>ῑέδει</span> <span class='ocrx_word' id='word_1_22' title='bbox 847 523 887 554; x_wconf 87' lang='grc' dir='ltr'>Α.</span> <span class='ocrx_word' id='word_1_23' title='bbox 899 523 937 554; x_wconf 87' lang='lat' dir='ltr'>C.</span> <span class='ocrx_word' id='word_1_24' title='bbox 954 523 989 553; x_wconf 87' lang='lat' dir='ltr'>L.</span> 
     </span>
    </p>
   </div>
   <div class='ocr_carea' id='block_1_6' title="bbox 158 615 874 2915">
    <p class='ocr_par' dir='ltr' id='par_1_6' title="bbox 158 615 864 2448">
     <span class='ocr_line' id='line_1_7' title="bbox 159 615 854 656; baseline -0.003 -10"><span class='ocrx_word' id='word_1_25' title='bbox 159 627 236 647; x_wconf 87' lang='lat' dir='ltr'>mam</span> <span class='ocrx_word' id='word_1_26' title='bbox 259 617 395 655; x_wconf 87' lang='lat' dir='ltr'>pecuniae</span> <span class='ocrx_word' id='word_1_27' title='bbox 418 617 634 656; x_wconf 65' lang='lat' dir='ltr'>extorquendae</span> <span class='ocrx_word' id='word_1_28' title='bbox 654 617 731 646; x_wconf 85' lang='lat' dir='ltr'>viam</span> <span class='ocrx_word' id='word_1_29' title='bbox 755 615 854 650; x_wconf 84' lang='lat' dir='ltr'>babet,</span> 
     </span>
     <span class='ocr_line' id='line_1_8' title="bbox 158 659 854 699; baseline -0.003 -10"><span class='ocrx_word' id='word_1_30' title='bbox 158 660 325 699; x_wconf 85' lang='lat' dir='ltr'>praesertim</span> <span class='ocrx_word' id='word_1_31' title='bbox 337 671 427 698; x_wconf 89' lang='lat' dir='ltr'>quum</span> <span class='ocrx_word' id='word_1_32' title='bbox 439 660 558 699; x_wconf 85' lang='lat' dir='ltr'>judices</span> <span class='ocrx_word' id='word_1_33' title='bbox 573 660 608 689; x_wconf 88' lang='lat' dir='ltr'>ad</span> <span class='ocrx_word' id='word_1_34' title='bbox 626 659 788 689; x_wconf 77' lang='lat' dir='ltr'><strong>calumnias</strong></span> <span class='ocrx_word' id='word_1_35' title='bbox 803 669 854 688; x_wconf 88' lang='lat' dir='ltr'>au-</span> 
     </span>
     <span class='ocr_line' id='line_1_9' title="bbox 159 702 855 742; baseline -0.001 -11"><span class='ocrx_word' id='word_1_36' title='bbox 159 702 286 732; x_wconf 83' lang='lat' dir='ltr'>diendas</span> <span class='ocrx_word' id='word_1_37' title='bbox 299 708 357 731; x_wconf 87' lang='lat' dir='ltr'>tam</span> <span class='ocrx_word' id='word_1_38' title='bbox 371 709 526 742; x_wconf 86' lang='lat' dir='ltr'>promptos</span> <span class='ocrx_word' id='word_1_39' title='bbox 537 713 605 732; x_wconf 80' lang='lat' dir='ltr'>esse</span> <span class='ocrx_word' id='word_1_40' title='bbox 617 703 732 735; x_wconf 85' lang='lat' dir='ltr'>videat,</span> <span class='ocrx_word' id='word_1_41' title='bbox 748 711 855 740; x_wconf 87' lang='lat' dir='ltr'>meque</span> 
     </span>
     <span class='ocr_line' id='line_1_10' title="bbox 160 744 855 786; baseline -0.003 -12"><span class='ocrx_word' id='word_1_42' title='bbox 160 751 189 774; x_wconf 85' lang='lat' dir='ltr'>et</span> <span class='ocrx_word' id='word_1_43' title='bbox 200 750 324 784; x_wconf 87' lang='lat' dir='ltr'>propter</span> <span class='ocrx_word' id='word_1_44' title='bbox 335 751 451 775; x_wconf 85' lang='lat' dir='ltr'>aetatem</span> <span class='ocrx_word' id='word_1_45' title='bbox 463 750 493 775; x_wconf 87' lang='lat' dir='ltr'>et</span> <span class='ocrx_word' id='word_1_46' title='bbox 503 745 651 786; x_wconf 83' lang='lat' dir='ltr'>ejusmodi</span> <span class='ocrx_word' id='word_1_47' title='bbox 662 744 855 774; x_wconf 71' lang='lat' dir='ltr'><strong>certaminum</strong></span> 
     </span>
     <span class='ocr_line' id='line_1_11' title="bbox 158 787 856 827; baseline -0.003 -10"><span class='ocrx_word' id='word_1_48' title='bbox 158 788 339 826; x_wconf 71' lang='lat' dir='ltr'>imperitiam</span> <span class='ocrx_word' id='word_1_49' title='bbox 356 788 494 817; x_wconf 79' lang='lat' dir='ltr'>facillime</span> <span class='ocrx_word' id='word_1_50' title='bbox 511 788 645 827; x_wconf 82' lang='lat' dir='ltr'>superari</span> <span class='ocrx_word' id='word_1_51' title='bbox 662 798 750 826; x_wconf 86' lang='lat' dir='ltr'>posse</span> <span class='ocrx_word' id='word_1_52' title='bbox 767 787 856 815; x_wconf 83' lang='lat' dir='ltr'>confi-</span> 
     </span>
     <span class='ocr_line' id='line_1_12' title="bbox 161 829 857 869; baseline -0.001 -10"><span class='ocrx_word' id='word_1_53' title='bbox 161 830 222 861; x_wconf 82' lang='lat' dir='ltr'>dat.</span> <span class='ocrx_word' id='word_1_54' title='bbox 256 830 304 860; x_wconf 79' lang='lat' dir='ltr'>Ita</span> <span class='ocrx_word' id='word_1_55' title='bbox 319 832 396 860; x_wconf 85' lang='lat' dir='ltr'>enim</span> <span class='ocrx_word' id='word_1_56' title='bbox 412 841 533 869; x_wconf 80' lang='lat' dir='ltr'>semper</span> <span class='ocrx_word' id='word_1_57' title='bbox 550 841 596 859; x_wconf 87' lang='lat' dir='ltr'>me</span> <span class='ocrx_word' id='word_1_58' title='bbox 613 830 705 868; x_wconf 83' lang='lat' dir='ltr'>gessi,</span> <span class='ocrx_word' id='word_1_59' title='bbox 722 834 754 859; x_wconf 88' lang='lat' dir='ltr'>ut</span> <span class='ocrx_word' id='word_1_60' title='bbox 766 829 857 858; x_wconf 89' lang='lat' dir='ltr'>nemi-</span> 
     </span>
     <span class='ocr_line' id='line_1_13' title="bbox 161 873 856 911; baseline -0.003 -9"><span class='ocrx_word' id='word_1_61' title='bbox 161 882 227 902; x_wconf 85' lang='lat' dir='ltr'>nem</span> <span class='ocrx_word' id='word_1_62' title='bbox 253 873 359 911; x_wconf 88' lang='lat' dir='ltr'>injuria</span> <span class='ocrx_word' id='word_1_63' title='bbox 383 873 542 909; x_wconf 87' lang='lat' dir='ltr'>afficerem,</span> <span class='ocrx_word' id='word_1_64' title='bbox 565 873 633 911; x_wconf 83' lang='lat' dir='ltr'>ipse</span> <span class='ocrx_word' id='word_1_65' title='bbox 658 883 729 902; x_wconf 83' lang='lat' dir='ltr'>vero</span> <span class='ocrx_word' id='word_1_66' title='bbox 756 873 856 906; x_wconf 76' lang='lat' dir='ltr'>laesus,</span> 
     </span>
     <span class='ocr_line' id='line_1_14' title="bbox 161 915 857 953; baseline -0.003 -9"><span class='ocrx_word' id='word_1_67' title='bbox 161 917 380 945; x_wconf 76' lang='lat' dir='ltr'>controversias</span> <span class='ocrx_word' id='word_1_68' title='bbox 410 917 514 945; x_wconf 83' lang='lat' dir='ltr'>amicis</span> <span class='ocrx_word' id='word_1_69' title='bbox 545 917 622 953; x_wconf 76' lang='lat' dir='ltr'>ejus,</span> <span class='ocrx_word' id='word_1_70' title='bbox 649 915 699 953; x_wconf 86' lang='lat' dir='ltr'>qui</span> <span class='ocrx_word' id='word_1_71' title='bbox 729 915 857 948; x_wconf 84' lang='lat' dir='ltr'>laeserat,</span> 
     </span>
     <span class='ocr_line' id='line_1_15' title="bbox 161 956 857 996; baseline -0.003 -10"><span class='ocrx_word' id='word_1_72' title='bbox 161 958 343 987; x_wconf 83' lang='lat' dir='ltr'>dirimendas</span> <span class='ocrx_word' id='word_1_73' title='bbox 366 958 575 996; x_wconf 61' lang='lat' dir='ltr'>relinquerem,</span> <span class='ocrx_word' id='word_1_74' title='bbox 627 959 759 995; x_wconf 77' lang='lat' dir='ltr'>Quorum</span> <span class='ocrx_word' id='word_1_75' title='bbox 784 956 857 985; x_wconf 86' lang='lat' dir='ltr'>nibil</span> 
     </span>
     <span class='ocr_line' id='line_1_16' title="bbox 162 999 857 1040; baseline -0.004 -11"><span class='ocrx_word' id='word_1_76' title='bbox 162 1000 234 1030; x_wconf 81' lang='lat' dir='ltr'>mihi</span> <span class='ocrx_word' id='word_1_77' title='bbox 258 1000 382 1038; x_wconf 83' lang='lat' dir='ltr'>profuit,</span> <span class='ocrx_word' id='word_1_78' title='bbox 406 1001 520 1040; x_wconf 83' lang='lat' dir='ltr'><strong>quippe</strong></span> <span class='ocrx_word' id='word_1_79' title='bbox 546 999 610 1037; x_wconf 73' lang='lat' dir='ltr'>qui,</span> <span class='ocrx_word' id='word_1_80' title='bbox 634 1000 697 1028; x_wconf 75' lang='lat' dir='ltr'>vita</span> <span class='ocrx_word' id='word_1_81' title='bbox 720 1000 757 1027; x_wconf 84' lang='lat' dir='ltr'>ad</span> <span class='ocrx_word' id='word_1_82' title='bbox 783 999 857 1027; x_wconf 85' lang='lat' dir='ltr'>banc</span> 
     </span>
     <span class='ocr_line' id='line_1_17' title="bbox 162 1042 858 1079; baseline -0.004 -8"><span class='ocrx_word' id='word_1_83' title='bbox 162 1047 382 1079; x_wconf 81' lang='lat' dir='ltr'>nsqueaetatem</span> <span class='ocrx_word' id='word_1_84' title='bbox 393 1042 456 1070; x_wconf 83' lang='lat' dir='ltr'>sine</span> <span class='ocrx_word' id='word_1_85' title='bbox 468 1042 557 1070; x_wconf 85' lang='lat' dir='ltr'>ullius</span> <span class='ocrx_word' id='word_1_86' title='bbox 567 1042 687 1079; x_wconf 86' lang='lat' dir='ltr'>querela</span> <span class='ocrx_word' id='word_1_87' title='bbox 697 1046 858 1074; x_wconf 83' lang='lat' dir='ltr'>transacta,</span> 
     </span>
     <span class='ocr_line' id='line_1_18' title="bbox 161 1082 858 1122; baseline -0.001 -10"><span class='ocrx_word' id='word_1_88' title='bbox 161 1083 311 1113; x_wconf 84' lang='lat' dir='ltr'>in·eodem</span> <span class='ocrx_word' id='word_1_89' title='bbox 329 1094 405 1112; x_wconf 90' lang='lat' dir='ltr'>nunc</span> <span class='ocrx_word' id='word_1_90' title='bbox 421 1084 556 1122; x_wconf 89' lang='lat' dir='ltr'>periculo</span> <span class='ocrx_word' id='word_1_91' title='bbox 574 1093 687 1118; x_wconf 85' lang='lat' dir='ltr'>versor,</span> <span class='ocrx_word' id='word_1_92' title='bbox 704 1093 738 1111; x_wconf 89' lang='lat' dir='ltr'>ac</span> <span class='ocrx_word' id='word_1_93' title='bbox 753 1082 779 1112; x_wconf 88' lang='lat' dir='ltr'>si</span> <span class='ocrx_word' id='word_1_94' title='bbox 795 1092 858 1111; x_wconf 90' lang='lat' dir='ltr'>om-</span> 
     </span>
     <span class='ocr_line' id='line_1_19' title="bbox 158 1125 858 1165; baseline -0.001 -11"><span class='ocrx_word' id='word_1_95' title='bbox 158 1135 215 1155; x_wconf 82' lang='lat' dir='ltr'>nes</span> <span class='ocrx_word' id='word_1_96' title='bbox 236 1126 442 1155; x_wconf 84' lang='lat' dir='ltr'>offendissem.</span> <span class='ocrx_word' id='word_1_97' title='bbox 486 1126 626 1155; x_wconf 87' lang='lat' dir='ltr'>Attamen</span> <span class='ocrx_word' id='word_1_98' title='bbox 649 1136 749 1165; x_wconf 88' lang='lat' dir='ltr'>spero,</span> <span class='ocrx_word' id='word_1_99' title='bbox 765 1125 790 1153; x_wconf 91' lang='lat' dir='ltr'>si</span> <span class='ocrx_word' id='word_1_100' title='bbox 812 1135 858 1154; x_wconf 89' lang='lat' dir='ltr'>me</span> 
     </span>
     <span class='ocr_line' id='line_1_20' title="bbox 161 1168 857 1206; baseline -0.001 -9"><span class='ocrx_word' id='word_1_101' title='bbox 161 1178 228 1198; x_wconf 79' lang='lat' dir='ltr'>cunt</span> <span class='ocrx_word' id='word_1_102' title='bbox 243 1168 453 1198; x_wconf 77' lang='lat' dir='ltr'>benevolentia</span> <span class='ocrx_word' id='word_1_103' title='bbox 467 1168 571 1197; x_wconf 88' lang='lat' dir='ltr'>audire</span> <span class='ocrx_word' id='word_1_104' title='bbox 584 1168 752 1203; x_wconf 86' lang='lat' dir='ltr'>volueritis,</span> <span class='ocrx_word' id='word_1_105' title='bbox 767 1178 857 1206; x_wconf 89' lang='lat' dir='ltr'>quum</span> 
     </span>
     <span class='ocr_line' id='line_1_21' title="bbox 163 1210 858 1250; baseline -0.001 -10"><span class='ocrx_word' id='word_1_106' title='bbox 163 1221 229 1247; x_wconf 87' lang='lat' dir='ltr'>eos,</span> <span class='ocrx_word' id='word_1_107' title='bbox 243 1211 343 1250; x_wconf 87' lang='lat' dir='ltr'>quide</span> <span class='ocrx_word' id='word_1_108' title='bbox 356 1222 404 1240; x_wconf 89' lang='lat' dir='ltr'>me</span> <span class='ocrx_word' id='word_1_109' title='bbox 416 1212 488 1240; x_wconf 77' lang='lat' dir='ltr'>false</span> <span class='ocrx_word' id='word_1_110' title='bbox 499 1210 686 1245; x_wconf 76' lang='lat' dir='ltr'>existiment,</span> <span class='ocrx_word' id='word_1_111' title='bbox 698 1222 713 1239; x_wconf 87' lang='lat' dir='ltr'>a</span> <span class='ocrx_word' id='word_1_112' title='bbox 726 1220 779 1239; x_wconf 86' lang='lat' dir='ltr'>sna</span> <span class='ocrx_word' id='word_1_113' title='bbox 793 1210 858 1249; x_wconf 89' lang='lat' dir='ltr'>opi-</span> 
     </span>
     <span class='ocr_line' id='line_1_22' title="bbox 163 1253 859 1293; baseline -0.001 -11"><span class='ocrx_word' id='word_1_114' title='bbox 163 1253 253 1283; x_wconf 89' lang='lat' dir='ltr'>nione</span> <span class='ocrx_word' id='word_1_115' title='bbox 265 1254 428 1289; x_wconf 78' lang='lat' dir='ltr'>deducere,</span> <span class='ocrx_word' id='word_1_116' title='bbox 439 1259 513 1289; x_wconf 89' lang='lat' dir='ltr'>tum,</span> <span class='ocrx_word' id='word_1_117' title='bbox 529 1254 578 1293; x_wconf 93' lang='lat' dir='ltr'>qui</span> <span class='ocrx_word' id='word_1_118' title='bbox 591 1264 638 1283; x_wconf 92' lang='lat' dir='ltr'>me</span> <span class='ocrx_word' id='word_1_119' title='bbox 650 1253 756 1283; x_wconf 87' lang='lat' dir='ltr'>melius</span> <span class='ocrx_word' id='word_1_120' title='bbox 768 1263 859 1282; x_wconf 89' lang='lat' dir='ltr'>nove-</span> 
     </span>
     <span class='ocr_line' id='line_1_23' title="bbox 163 1296 859 1336; baseline -0.003 -10"><span class='ocrx_word' id='word_1_121' title='bbox 163 1296 235 1332; x_wconf 81' lang='lat' dir='ltr'>rint,</span> <span class='ocrx_word' id='word_1_122' title='bbox 257 1296 288 1325; x_wconf 87' lang='lat' dir='ltr'>in</span> <span class='ocrx_word' id='word_1_123' title='bbox 310 1307 364 1326; x_wconf 83' lang='lat' dir='ltr'>sua.</span> <span class='ocrx_word' id='word_1_124' title='bbox 382 1298 420 1326; x_wconf 90' lang='lat' dir='ltr'>de</span> <span class='ocrx_word' id='word_1_125' title='bbox 443 1306 491 1325; x_wconf 87' lang='lat' dir='ltr'>me</span> <span class='ocrx_word' id='word_1_126' title='bbox 514 1296 652 1336; x_wconf 85' lang='lat' dir='ltr'>opinione</span> <span class='ocrx_word' id='word_1_127' title='bbox 674 1296 859 1326; x_wconf 84' lang='lat' dir='ltr'>confirmare.</span> 
     </span>
     <span class='ocr_line' id='line_1_24' title="bbox 166 1339 860 1375; baseline -0.003 -6"><span class='ocrx_word' id='word_1_128' title='bbox 166 1340 268 1375; x_wconf 89' lang='lat' dir='ltr'>Nunc,</span> <span class='ocrx_word' id='word_1_129' title='bbox 290 1349 327 1369; x_wconf 82' lang='lat' dir='ltr'>ne</span> <span class='ocrx_word' id='word_1_130' title='bbox 349 1350 403 1369; x_wconf 88' lang='lat' dir='ltr'>vos</span> <span class='ocrx_word' id='word_1_131' title='bbox 427 1339 542 1369; x_wconf 85' lang='lat' dir='ltr'>diutius</span> <span class='ocrx_word' id='word_1_132' title='bbox 565 1349 674 1374; x_wconf 88' lang='lat' dir='ltr'>morer,</span> <span class='ocrx_word' id='word_1_133' title='bbox 698 1349 733 1368; x_wconf 88' lang='lat' dir='ltr'>ea</span> <span class='ocrx_word' id='word_1_134' title='bbox 756 1339 860 1368; x_wconf 87' lang='lat' dir='ltr'>audire</span> 
     </span>
     <span class='ocr_line' id='line_1_25' title="bbox 165 1379 861 1422; baseline -0.001 -11"><span class='ocrx_word' id='word_1_135' title='bbox 165 1381 277 1417; x_wconf 84' lang='lat' dir='ltr'>velitis,</span> <span class='ocrx_word' id='word_1_136' title='bbox 292 1383 330 1412; x_wconf 89' lang='lat' dir='ltr'>de</span> <span class='ocrx_word' id='word_1_137' title='bbox 344 1382 453 1421; x_wconf 88' lang='lat' dir='ltr'>quibus</span> <span class='ocrx_word' id='word_1_138' title='bbox 469 1382 665 1421; x_wconf 82' lang='lat' dir='ltr'>judicandum</span> <span class='ocrx_word' id='word_1_139' title='bbox 682 1387 736 1411; x_wconf 87' lang='lat' dir='ltr'>est.</span> <span class='ocrx_word' id='word_1_140' title='bbox 780 1379 861 1422; x_wconf 74' lang='grc' dir='ltr'>(ιγ’.)</span> 
     </span>
     <span class='ocr_line' id='line_1_26' title="bbox 166 1423 861 1462; baseline 0 -10"><span class='ocrx_word' id='word_1_141' title='bbox 166 1424 284 1454; x_wconf 87' lang='lat' dir='ltr'>Videtis</span> <span class='ocrx_word' id='word_1_142' title='bbox 300 1425 378 1460; x_wconf 75' lang='lat' dir='ltr'>hinc⁴</span> <span class='ocrx_word' id='word_1_143' title='bbox 390 1435 437 1454; x_wconf 89' lang='lat' dir='ltr'>me</span> <span class='ocrx_word' id='word_1_144' title='bbox 449 1435 485 1454; x_wconf 87' lang='lat' dir='ltr'>eo</span> <span class='ocrx_word' id='word_1_145' title='bbox 497 1425 614 1454; x_wconf 92' lang='lat' dir='ltr'>nomine</span> <span class='ocrx_word' id='word_1_146' title='bbox 624 1424 770 1460; x_wconf 87' lang='lat' dir='ltr'>accusari,</span> <span class='ocrx_word' id='word_1_147' title='bbox 782 1423 861 1462; x_wconf 87' lang='lat' dir='ltr'>quod</span> 
     </span>
     <span class='ocr_line' id='line_1_27' title="bbox 167 1467 862 1506; baseline -0.001 -9"><span class='ocrx_word' id='word_1_148' title='bbox 167 1467 374 1497; x_wconf 79' lang='lat' dir='ltr'>adolescentes</span> <span class='ocrx_word' id='word_1_149' title='bbox 401 1468 580 1506; x_wconf 86' lang='lat' dir='ltr'>eloquentiae</span> <span class='ocrx_word' id='word_1_150' title='bbox 605 1467 768 1506; x_wconf 84' lang='lat' dir='ltr'>praeceptis</span> <span class='ocrx_word' id='word_1_151' title='bbox 795 1477 862 1496; x_wconf 90' lang='lat' dir='ltr'>cor-</span> 
     </span>
     <span class='ocr_line' id='line_1_28' title="bbox 167 1509 862 1549; baseline -0.001 -10"><span class='ocrx_word' id='word_1_152' title='bbox 167 1519 314 1549; x_wconf 79' lang='lat' dir='ltr'>rumpam,</span> <span class='ocrx_word' id='word_1_153' title='bbox 330 1521 442 1549; x_wconf 86' lang='lat' dir='ltr'>eosque</span> <span class='ocrx_word' id='word_1_154' title='bbox 456 1511 485 1539; x_wconf 85' lang='lat' dir='ltr'>iu</span> <span class='ocrx_word' id='word_1_155' title='bbox 496 1509 622 1549; x_wconf 85' lang='lat' dir='ltr'>judiciis</span> <span class='ocrx_word' id='word_1_156' title='bbox 638 1510 685 1540; x_wconf 82' lang='lat' dir='ltr'>vel</span> <span class='ocrx_word' id='word_1_157' title='bbox 701 1511 862 1548; x_wconf 83' lang='lat' dir='ltr'>contrajus</span> 
     </span>
     <span class='ocr_line' id='line_1_29' title="bbox 167 1552 862 1591; baseline 0 -10"><span class='ocrx_word' id='word_1_158' title='bbox 167 1553 288 1582; x_wconf 86' lang='lat' dir='ltr'>vincere</span> <span class='ocrx_word' id='word_1_159' title='bbox 308 1553 459 1583; x_wconf 84' lang='lat' dir='ltr'>edoceam.</span> <span class='ocrx_word' id='word_1_160' title='bbox 504 1553 601 1591; x_wconf 82' lang='lat' dir='ltr'>Cujus</span> <span class='ocrx_word' id='word_1_161' title='bbox 622 1552 755 1582; x_wconf 84' lang='lat' dir='ltr'>criminis</span> <span class='ocrx_word' id='word_1_162' title='bbox 775 1563 862 1582; x_wconf 88' lang='lat' dir='ltr'>accu-</span> 
     </span>
     <span class='ocr_line' id='line_1_30' title="bbox 168 1595 863 1635; baseline 0 -11"><span class='ocrx_word' id='word_1_163' title='bbox 168 1604 237 1625; x_wconf 82' lang='lat' dir='ltr'>sans</span> <span class='ocrx_word' id='word_1_164' title='bbox 253 1606 299 1626; x_wconf 89' lang='lat' dir='ltr'>me</span> <span class='ocrx_word' id='word_1_165' title='bbox 320 1595 511 1626; x_wconf 77' lang='lat' dir='ltr'>adversarius</span> <span class='ocrx_word' id='word_1_166' title='bbox 528 1602 559 1625; x_wconf 86' lang='lat' dir='ltr'>et</span> <span class='ocrx_word' id='word_1_167' title='bbox 576 1606 666 1635; x_wconf 81' lang='lat' dir='ltr'>supra</span> <span class='ocrx_word' id='word_1_168' title='bbox 683 1606 786 1625; x_wconf 84' lang='lat' dir='ltr'>omnes</span> <span class='ocrx_word' id='word_1_169' title='bbox 799 1605 863 1624; x_wconf 89' lang='lat' dir='ltr'>om-</span> 
     </span>
     <span class='ocr_line' id='line_1_31' title="bbox 168 1638 864 1677; baseline -0.001 -10"><span class='ocrx_word' id='word_1_170' title='bbox 168 1638 238 1667; x_wconf 87' lang='lat' dir='ltr'>nino</span> <span class='ocrx_word' id='word_1_171' title='bbox 253 1639 423 1668; x_wconf 68' lang='lat' dir='ltr'><strong>causidicos</strong></span> <span class='ocrx_word' id='word_1_172' title='bbox 445 1644 638 1677; x_wconf 79' lang='lat' dir='ltr'>oratoresque</span> <span class='ocrx_word' id='word_1_173' title='bbox 655 1638 816 1674; x_wconf 83' lang='lat' dir='ltr'>extollens,</span> <span class='ocrx_word' id='word_1_174' title='bbox 833 1642 864 1666; x_wconf 89' lang='lat' dir='ltr'>et</span> 
     </span>
     <span class='ocr_line' id='line_1_32' title="bbox 166 1680 861 1711; baseline -0.001 -1"><span class='ocrx_word' id='word_1_175' title='bbox 166 1681 336 1711; x_wconf 76' lang='lat' dir='ltr'>auditorum</span> <span class='ocrx_word' id='word_1_176' title='bbox 353 1681 494 1710; x_wconf 87' lang='lat' dir='ltr'>invidiam</span> <span class='ocrx_word' id='word_1_177' title='bbox 510 1686 541 1710; x_wconf 77' lang='lat' dir='ltr'>et.</span> <span class='ocrx_word' id='word_1_178' title='bbox 557 1687 684 1711; x_wconf 88' lang='lat' dir='ltr'>vestram</span> <span class='ocrx_word' id='word_1_179' title='bbox 700 1680 771 1710; x_wconf 79' lang='lat' dir='ltr'>milii</span> <span class='ocrx_word' id='word_1_180' title='bbox 787 1681 861 1710; x_wconf 81' lang='lat' dir='ltr'>iram</span> 
     </span>
     <span class='ocr_line' id='line_1_33' title="bbox 166 1723 862 1764; baseline 0 -12"><span class='ocrx_word' id='word_1_181' title='bbox 166 1733 290 1753; x_wconf 83' lang='lat' dir='ltr'>movere</span> <span class='ocrx_word' id='word_1_182' title='bbox 305 1724 400 1763; x_wconf 75' lang='lat' dir='ltr'>cupit.</span> <span class='ocrx_word' id='word_1_183' title='bbox 438 1723 516 1764; x_wconf 71' lang='grc' dir='ltr'>(ιδ’.)</span> <span class='ocrx_word' id='word_1_184' title='bbox 533 1725 571 1753; x_wconf 83' lang='lat' dir='ltr'>At</span> <span class='ocrx_word' id='word_1_185' title='bbox 586 1734 651 1753; x_wconf 87' lang='lat' dir='ltr'>eum</span> <span class='ocrx_word' id='word_1_186' title='bbox 668 1723 726 1753; x_wconf 85' lang='lat' dir='ltr'>alia</span> <span class='ocrx_word' id='word_1_187' title='bbox 740 1733 862 1762; x_wconf 79' lang='lat' dir='ltr'>prorsus</span> 
     </span>
     <span class='ocr_line' id='line_1_34' title="bbox 165 1766 862 1805; baseline 0.001 -11"><span class='ocrx_word' id='word_1_188' title='bbox 165 1766 321 1796; x_wconf 87' lang='lat' dir='ltr'>mentitum</span> <span class='ocrx_word' id='word_1_189' title='bbox 330 1777 408 1802; x_wconf 85' lang='lat' dir='ltr'>esse,</span> <span class='ocrx_word' id='word_1_190' title='bbox 417 1767 474 1796; x_wconf 86' lang='lat' dir='ltr'>alia</span> <span class='ocrx_word' id='word_1_191' title='bbox 485 1766 642 1796; x_wconf 84' lang='lat' dir='ltr'>immodice</span> <span class='ocrx_word' id='word_1_192' title='bbox 649 1776 862 1805; x_wconf 71' lang='lat' dir='ltr'>exaggerasse,</span> 
     </span>
     <span class='ocr_line' id='line_1_35' title="bbox 164 1809 863 1844; baseline 0.001 -7"><span class='ocrx_word' id='word_1_193' title='bbox 164 1809 253 1839; x_wconf 82' lang='lat' dir='ltr'>facile</span> <span class='ocrx_word' id='word_1_194' title='bbox 274 1820 321 1839; x_wconf 87' lang='lat' dir='ltr'>me</span> <span class='ocrx_word' id='word_1_195' title='bbox 342 1815 528 1839; x_wconf 85' lang='lat' dir='ltr'>ostensurum</span> <span class='ocrx_word' id='word_1_196' title='bbox 546 1820 614 1839; x_wconf 87' lang='lat' dir='ltr'>esse</span> <span class='ocrx_word' id='word_1_197' title='bbox 635 1810 763 1844; x_wconf 82' lang='lat' dir='ltr'>confido,</span> <span class='ocrx_word' id='word_1_198' title='bbox 777 1810 863 1838; x_wconf 91' lang='lat' dir='ltr'>dum-</span> 
     </span>
     <span class='ocr_line' id='line_1_36' title="bbox 164 1852 861 1891; baseline -0.001 -10"><span class='ocrx_word' id='word_1_199' title='bbox 164 1852 254 1881; x_wconf 86' lang='lat' dir='ltr'>modo</span> <span class='ocrx_word' id='word_1_200' title='bbox 270 1852 420 1891; x_wconf 79' lang='lat' dir='ltr'>judicium</span> <span class='ocrx_word' id='word_1_201' title='bbox 443 1858 573 1881; x_wconf 85' lang='lat' dir='ltr'>vestrum</span> <span class='ocrx_word' id='word_1_202' title='bbox 597 1852 710 1881; x_wconf 88' lang='lat' dir='ltr'>tamdiu</span> <span class='ocrx_word' id='word_1_203' title='bbox 731 1852 861 1880; x_wconf 90' lang='lat' dir='ltr'>retinere</span> 
     </span>
     <span class='ocr_line' id='line_1_37' title="bbox 165 1895 860 1934; baseline -0.001 -10"><span class='ocrx_word' id='word_1_204' title='bbox 165 1895 279 1929; x_wconf 81' lang='lat' dir='ltr'>velitis,</span> <span class='ocrx_word' id='word_1_205' title='bbox 309 1905 395 1934; x_wconf 86' lang='lat' dir='ltr'>quam</span> <span class='ocrx_word' id='word_1_206' title='bbox 432 1895 636 1924; x_wconf 78' lang='lat' dir='ltr'>defensionem</span> <span class='ocrx_word' id='word_1_207' title='bbox 671 1895 860 1924; x_wconf 77' lang='lat' dir='ltr'>audiveritis.</span> 
     </span>
     <span class='ocr_line' id='line_1_38' title="bbox 165 1935 861 1977; baseline 0.001 -11"><span class='ocrx_word' id='word_1_208' title='bbox 165 1935 240 1977; x_wconf 81' lang='grc' dir='ltr'>(ιε’.)</span> <span class='ocrx_word' id='word_1_209' title='bbox 263 1938 356 1976; x_wconf 84' lang='lat' dir='ltr'>Atqui</span> <span class='ocrx_word' id='word_1_210' title='bbox 376 1938 522 1967; x_wconf 87' lang='lat' dir='ltr'>neminem</span> <span class='ocrx_word' id='word_1_211' title='bbox 544 1937 654 1967; x_wconf 89' lang='lat' dir='ltr'>civium</span> <span class='ocrx_word' id='word_1_212' title='bbox 680 1948 776 1976; x_wconf 85' lang='lat' dir='ltr'>neque</span> <span class='ocrx_word' id='word_1_213' title='bbox 799 1937 861 1967; x_wconf 93' lang='lat' dir='ltr'>elo-</span> 
     </span>
     <span class='ocr_line' id='line_1_39' title="bbox 165 1980 859 2019; baseline -0.001 -10"><span class='ocrx_word' id='word_1_214' title='bbox 165 1980 285 2018; x_wconf 79' lang='lat' dir='ltr'>quentia</span> <span class='ocrx_word' id='word_1_215' title='bbox 298 1991 362 2010; x_wconf 87' lang='lat' dir='ltr'>mea</span> <span class='ocrx_word' id='word_1_216' title='bbox 374 1990 469 2019; x_wconf 87' lang='lat' dir='ltr'>neque</span> <span class='ocrx_word' id='word_1_217' title='bbox 485 1980 606 2019; x_wconf 84' lang='lat' dir='ltr'>scriptis</span> <span class='ocrx_word' id='word_1_218' title='bbox 618 1991 744 2019; x_wconf 87' lang='lat' dir='ltr'>unquam</span> <span class='ocrx_word' id='word_1_219' title='bbox 756 1980 859 2010; x_wconf 80' lang='lat' dir='ltr'>laesum</span> 
     </span>
     <span class='ocr_line' id='line_1_40' title="bbox 164 2022 860 2062; baseline -0.001 -10"><span class='ocrx_word' id='word_1_220' title='bbox 164 2033 245 2058; x_wconf 85' lang='lat' dir='ltr'>esse,</span> <span class='ocrx_word' id='word_1_221' title='bbox 258 2023 312 2052; x_wconf 82' lang='lat' dir='ltr'>hoc</span> <span class='ocrx_word' id='word_1_222' title='bbox 329 2023 426 2062; x_wconf 76' lang='lat' dir='ltr'>ipsum</span> <span class='ocrx_word' id='word_1_223' title='bbox 443 2023 613 2053; x_wconf 78' lang='lat' dir='ltr'>testimonio</span> <span class='ocrx_word' id='word_1_224' title='bbox 629 2028 686 2058; x_wconf 90' lang='lat' dir='ltr'>est,</span> <span class='ocrx_word' id='word_1_225' title='bbox 699 2024 790 2062; x_wconf 85' lang='lat' dir='ltr'>quod,</span> <span class='ocrx_word' id='word_1_226' title='bbox 801 2022 860 2053; x_wconf 83' lang='lat' dir='ltr'>etsi</span> 
     </span>
     <span class='ocr_line' id='line_1_41' title="bbox 165 2065 861 2104; baseline 0 -9"><span class='ocrx_word' id='word_1_227' title='bbox 165 2065 266 2104; x_wconf 80' lang='lat' dir='ltr'>quivis</span> <span class='ocrx_word' id='word_1_228' title='bbox 282 2071 371 2095; x_wconf 82' lang='lat' dir='ltr'>autea</span> <span class='ocrx_word' id='word_1_229' title='bbox 390 2066 544 2101; x_wconf 83' lang='lat' dir='ltr'>tacuisset.</span> <span class='ocrx_word' id='word_1_230' title='bbox 566 2067 640 2095; x_wconf 78' lang='lat' dir='ltr'>lianc</span> <span class='ocrx_word' id='word_1_231' title='bbox 663 2071 757 2095; x_wconf 84' lang='lat' dir='ltr'>tamen</span> <span class='ocrx_word' id='word_1_232' title='bbox 774 2076 861 2095; x_wconf 88' lang='lat' dir='ltr'>occa-</span> 
     </span>
     <span class='ocr_line' id='line_1_42' title="bbox 166 2108 861 2144; baseline 0 -7"><span class='ocrx_word' id='word_1_233' title='bbox 166 2109 278 2138; x_wconf 84' lang='lat' dir='ltr'>sionem</span> <span class='ocrx_word' id='word_1_234' title='bbox 291 2109 329 2138; x_wconf 90' lang='lat' dir='ltr'>ud</span> <span class='ocrx_word' id='word_1_235' title='bbox 343 2108 543 2138; x_wconf 76' lang='lat' dir='ltr'>ulciscendum</span> <span class='ocrx_word' id='word_1_236' title='bbox 557 2119 612 2138; x_wconf 91' lang='lat' dir='ltr'>non</span> <span class='ocrx_word' id='word_1_237' title='bbox 625 2109 799 2144; x_wconf 73' lang='lat' dir='ltr'>dimisisset,</span> <span class='ocrx_word' id='word_1_238' title='bbox 811 2108 861 2138; x_wconf 84' lang='lat' dir='ltr'>uhi</span> 
     </span>
     <span class='ocr_line' id='line_1_43' title="bbox 165 2151 862 2191; baseline 0 -11"><span class='ocrx_word' id='word_1_239' title='bbox 165 2151 224 2180; x_wconf 88' lang='lat' dir='ltr'>iste</span> <span class='ocrx_word' id='word_1_240' title='bbox 250 2161 309 2186; x_wconf 87' lang='lat' dir='ltr'>me,</span> <span class='ocrx_word' id='word_1_241' title='bbox 332 2162 419 2191; x_wconf 85' lang='lat' dir='ltr'>quem</span> <span class='ocrx_word' id='word_1_242' title='bbox 447 2161 483 2180; x_wconf 89' lang='lat' dir='ltr'>ne</span> <span class='ocrx_word' id='word_1_243' title='bbox 513 2153 614 2181; x_wconf 87' lang='lat' dir='ltr'>verbis</span> <span class='ocrx_word' id='word_1_244' title='bbox 639 2152 761 2191; x_wconf 88' lang='lat' dir='ltr'>quidem</span> <span class='ocrx_word' id='word_1_245' title='bbox 786 2151 862 2186; x_wconf 82' lang='lat' dir='ltr'>laesi,</span> 
     </span>
     <span class='ocr_line' id='line_1_44' title="bbox 163 2194 863 2234; baseline 0 -11"><span class='ocrx_word' id='word_1_246' title='bbox 163 2194 327 2224; x_wconf 79' lang='lat' dir='ltr'>accusavit.</span> <span class='ocrx_word' id='word_1_247' title='bbox 370 2194 429 2223; x_wconf 90' lang='lat' dir='ltr'>Sed</span> <span class='ocrx_word' id='word_1_248' title='bbox 447 2204 541 2233; x_wconf 80' lang='lat' dir='ltr'>neque</span> <span class='ocrx_word' id='word_1_249' title='bbox 557 2205 644 2229; x_wconf 86' lang='lat' dir='ltr'>nunc,</span> <span class='ocrx_word' id='word_1_250' title='bbox 665 2205 760 2234; x_wconf 87' lang='lat' dir='ltr'>neque</span> <span class='ocrx_word' id='word_1_251' title='bbox 776 2200 863 2224; x_wconf 84' lang='lat' dir='ltr'>antea</span> 
     </span>
     <span class='ocr_line' id='line_1_45' title="bbox 161 2237 862 2276; baseline 0.003 -11"><span class='ocrx_word' id='word_1_252' title='bbox 161 2237 224 2266; x_wconf 71' lang='lat' dir='ltr'>tale</span> <span class='ocrx_word' id='word_1_253' title='bbox 234 2237 394 2276; x_wconf 83' lang='lat' dir='ltr'>quidquam</span> <span class='ocrx_word' id='word_1_254' title='bbox 409 2238 480 2266; x_wconf 90' lang='lat' dir='ltr'>mihi</span> <span class='ocrx_word' id='word_1_255' title='bbox 492 2238 603 2273; x_wconf 88' lang='lat' dir='ltr'>evenit,</span> <span class='ocrx_word' id='word_1_256' title='bbox 615 2238 653 2267; x_wconf 89' lang='lat' dir='ltr'>ita</span> <span class='ocrx_word' id='word_1_257' title='bbox 666 2243 708 2274; x_wconf 90' lang='lat' dir='ltr'>ut,</span> <span class='ocrx_word' id='word_1_258' title='bbox 721 2238 747 2267; x_wconf 82' lang='lat' dir='ltr'>si</span> <span class='ocrx_word' id='word_1_259' title='bbox 759 2248 862 2267; x_wconf 89' lang='lat' dir='ltr'>verum</span> 
     </span>
     <span class='ocr_line' id='line_1_46' title="bbox 167 2280 863 2319; baseline 0.001 -10"><span class='ocrx_word' id='word_1_260' title='bbox 167 2286 259 2315; x_wconf 80' lang='lat' dir='ltr'>esset,</span> <span class='ocrx_word' id='word_1_261' title='bbox 273 2281 351 2319; x_wconf 90' lang='lat' dir='ltr'>quod</span> <span class='ocrx_word' id='word_1_262' title='bbox 376 2280 563 2310; x_wconf 84' lang='lat' dir='ltr'>adversarius</span> <span class='ocrx_word' id='word_1_263' title='bbox 584 2280 711 2317; x_wconf 82' lang='lat' dir='ltr'>obtinet,</span> <span class='ocrx_word' id='word_1_264' title='bbox 733 2291 779 2310; x_wconf 90' lang='lat' dir='ltr'>me</span> <span class='ocrx_word' id='word_1_265' title='bbox 795 2291 863 2310; x_wconf 88' lang='lat' dir='ltr'>esse</span> 
     </span>
     <span class='ocr_line' id='line_1_47' title="bbox 162 2323 863 2359; baseline 0 -6"><span class='ocrx_word' id='word_1_266' title='bbox 162 2323 195 2353; x_wconf 79' lang='lat' dir='ltr'>in</span> <span class='ocrx_word' id='word_1_267' title='bbox 217 2323 401 2352; x_wconf 84' lang='lat' dir='ltr'>orationibus</span> <span class='ocrx_word' id='word_1_268' title='bbox 423 2323 520 2352; x_wconf 82' lang='lat' dir='ltr'>noxiis</span> <span class='ocrx_word' id='word_1_269' title='bbox 536 2324 784 2359; x_wconf 84' lang='lat' dir='ltr'>versatissimum,</span> <span class='ocrx_word' id='word_1_270' title='bbox 806 2334 863 2353; x_wconf 92' lang='lat' dir='ltr'>non</span> 
     </span>
     <span class='ocr_line' id='line_1_48' title="bbox 161 2366 864 2405; baseline 0 -10"><span class='ocrx_word' id='word_1_271' title='bbox 161 2370 226 2395; x_wconf 78' lang='lat' dir='ltr'>-tnm</span> <span class='ocrx_word' id='word_1_272' title='bbox 244 2375 359 2405; x_wconf 82' lang='lat' dir='ltr'>poenam</span> <span class='ocrx_word' id='word_1_273' title='bbox 373 2375 458 2404; x_wconf 81' lang='lat' dir='ltr'>quam</span> <span class='ocrx_word' id='word_1_274' title='bbox 475 2366 593 2395; x_wconf 85' lang='lat' dir='ltr'>laudem</span> <span class='ocrx_word' id='word_1_275' title='bbox 606 2377 750 2402; x_wconf 82' lang='lat' dir='ltr'>mererer,</span> <span class='ocrx_word' id='word_1_276' title='bbox 761 2371 864 2404; x_wconf 89' lang='lat' dir='ltr'>utpote</span> 
     </span>
     <span class='ocr_line' id='line_1_49' title="bbox 161 2390 866 2448; baseline 0.004 -13"><span class='ocrx_word' id='word_1_277' title='bbox 161 2409 221 2448; x_wconf 73' lang='lat' dir='ltr'>qui</span> <span class='ocrx_word' id='word_1_278' title='bbox 235 2408 354 2447; x_wconf 86' lang='lat' dir='ltr'>ingenio</span> <span class='ocrx_word' id='word_1_279' title='bbox 367 2409 518 2438; x_wconf 87' lang='lat' dir='ltr'>moderate</span> <span class='ocrx_word' id='word_1_280' title='bbox 532 2419 650 2447; x_wconf 83' lang='lat' dir='ltr'>semper</span> <span class='ocrx_word' id='word_1_281' title='bbox 664 2390 768 2439; x_wconf 79' lang='lat' dir='ltr'>fueriin</span> <span class='ocrx_word' id='word_1_282' title='bbox 783 2419 866 2438; x_wconf 87' lang='lat' dir='ltr'>usus.</span> 
     </span>
    </p>

    <p class='ocr_par' dir='ltr' id='par_1_7' title="bbox 162 2450 866 2534">
     <span class='ocr_line' id='line_1_50' title="bbox 162 2450 866 2493; baseline 0 -12"><span class='ocrx_word' id='word_1_283' title='bbox 162 2450 232 2493; x_wconf 71' lang='grc' dir='ltr'><strong>(ις’.</strong></span> <span class='ocrx_word' id='word_1_284' title='bbox 236 2451 251 2493; x_wconf 87' lang='grc'>)</span> <span class='ocrx_word' id='word_1_285' title='bbox 268 2452 319 2481; x_wconf 86' lang='lat' dir='ltr'>Me</span> <span class='ocrx_word' id='word_1_286' title='bbox 336 2461 407 2480; x_wconf 90' lang='lat' dir='ltr'>vero</span> <span class='ocrx_word' id='word_1_287' title='bbox 424 2461 609 2490; x_wconf 83' lang='lat' dir='ltr'>nequaquam</span> <span class='ocrx_word' id='word_1_288' title='bbox 624 2452 699 2481; x_wconf 85' lang='lat' dir='ltr'>tales</span> <span class='ocrx_word' id='word_1_289' title='bbox 714 2452 866 2481; x_wconf 81' lang='lat' dir='ltr'>orationes</span> 
     </span>
     <span class='ocr_line' id='line_1_51' title="bbox 169 2494 867 2534; baseline -0.003 -9"><span class='ocrx_word' id='word_1_290' title='bbox 169 2504 278 2525; x_wconf 75' lang='lat' dir='ltr'>consc·</span> <span class='ocrx_word' id='word_1_291' title='bbox 281 2494 403 2534; x_wconf 80' lang='lat' dir='ltr'>ipsisse,</span> <span class='ocrx_word' id='word_1_292' title='bbox 410 2503 426 2522; x_wconf 87' lang='lat' dir='ltr'>e</span> <span class='ocrx_word' id='word_1_293' title='bbox 438 2494 618 2533; x_wconf 67' lang='lat' dir='ltr'>quotidianae</span> <span class='ocrx_word' id='word_1_294' title='bbox 629 2495 699 2524; x_wconf 74' lang='lat' dir='ltr'>vitae</span> <span class='ocrx_word' id='word_1_295' title='bbox 712 2505 784 2524; x_wconf 88' lang='lat' dir='ltr'>meae</span> <span class='ocrx_word' id='word_1_296' title='bbox 796 2505 867 2524; x_wconf 92' lang='lat' dir='ltr'>con-</span> 
     </span>
    </p>

    <p class='ocr_par' dir='ltr' id='par_1_8' title="bbox 163 2537 873 2914">
     <span class='ocr_line' id='line_1_52' title="bbox 170 2537 869 2585; baseline -0.003 -17"><span class='ocrx_word' id='word_1_297' title='bbox 170 2538 331 2568; x_wconf 74' lang='lat' dir='ltr'>suetudine</span> <span class='ocrx_word' id='word_1_298' title='bbox 343 2546 527 2585; x_wconf 83' lang='lat' dir='ltr'>cognoscere</span> <span class='ocrx_word' id='word_1_299' title='bbox 540 2537 681 2576; x_wconf 89' lang='lat' dir='ltr'>potestis.</span> <span class='ocrx_word' id='word_1_300' title='bbox 703 2537 813 2567; x_wconf 87' lang='lat' dir='ltr'>Nullus</span> <span class='ocrx_word' id='word_1_301' title='bbox 824 2548 869 2566; x_wconf 88' lang='lat' dir='ltr'>me</span> 
     </span>
     <span class='ocr_line' id='line_1_53' title="bbox 163 2579 869 2619; baseline -0.001 -9"><span class='ocrx_word' id='word_1_302' title='bbox 163 2590 300 2619; x_wconf 27' lang='lat' dir='ltr'>*unquam</span> <span class='ocrx_word' id='word_1_303' title='bbox 315 2579 345 2609; x_wconf 91' lang='lat' dir='ltr'>in</span> <span class='ocrx_word' id='word_1_304' title='bbox 365 2579 433 2609; x_wconf 78' lang='lat' dir='ltr'>istis</span> <span class='ocrx_word' id='word_1_305' title='bbox 455 2579 531 2609; x_wconf 76' lang='lat' dir='ltr'>locis</span> <span class='ocrx_word' id='word_1_306' title='bbox 546 2580 635 2614; x_wconf 85' lang='lat' dir='ltr'>vidit,</span> <span class='ocrx_word' id='word_1_307' title='bbox 651 2591 716 2619; x_wconf 79' lang='lat' dir='ltr'>quae</span> <span class='ocrx_word' id='word_1_308' title='bbox 732 2580 869 2619; x_wconf 79' lang='lat' dir='ltr'>frequen-</span> 
     </span>
     <span class='ocr_line' id='line_1_54' title="bbox 170 2622 869 2657; baseline 0 -5"><span class='ocrx_word' id='word_1_309' title='bbox 170 2627 234 2653; x_wconf 74' lang='lat' dir='ltr'>tare</span> <span class='ocrx_word' id='word_1_310' title='bbox 257 2633 379 2652; x_wconf 82' lang='lat' dir='ltr'>necesse</span> <span class='ocrx_word' id='word_1_311' title='bbox 401 2622 519 2657; x_wconf 81' lang='lat' dir='ltr'>fuisset,</span> <span class='ocrx_word' id='word_1_312' title='bbox 541 2622 567 2651; x_wconf 91' lang='lat' dir='ltr'>si</span> <span class='ocrx_word' id='word_1_313' title='bbox 587 2634 602 2651; x_wconf 91' lang='lat' dir='ltr'>e</span> <span class='ocrx_word' id='word_1_314' title='bbox 625 2623 734 2653; x_wconf 84' lang='lat' dir='ltr'>vestris</span> <span class='ocrx_word' id='word_1_315' title='bbox 752 2628 869 2653; x_wconf 84' lang='lat' dir='ltr'>contra-</span> 
     </span>
     <span class='ocr_line' id='line_1_55' title="bbox 171 2664 869 2704; baseline 0 -9"><span class='ocrx_word' id='word_1_316' title='bbox 171 2665 274 2696; x_wconf 76' lang='lat' dir='ltr'>ctibus</span> <span class='ocrx_word' id='word_1_317' title='bbox 293 2665 491 2696; x_wconf 83' lang='lat' dir='ltr'>victitassem.</span> <span class='ocrx_word' id='word_1_318' title='bbox 523 2664 640 2695; x_wconf 89' lang='lat' dir='ltr'>Deinde</span> <span class='ocrx_word' id='word_1_319' title='bbox 658 2676 742 2704; x_wconf 81' lang='lat' dir='ltr'>opes,</span> <span class='ocrx_word' id='word_1_320' title='bbox 754 2665 792 2696; x_wconf 90' lang='lat' dir='ltr'>de</span> <span class='ocrx_word' id='word_1_321' title='bbox 806 2666 869 2704; x_wconf 84' lang='lat' dir='ltr'>qui-</span> 
     </span>
     <span class='ocr_line' id='line_1_56' title="bbox 174 2708 871 2747; baseline 0 -9"><span class='ocrx_word' id='word_1_322' title='bbox 174 2709 229 2739; x_wconf 78' lang='lat' dir='ltr'>hus</span> <span class='ocrx_word' id='word_1_323' title='bbox 244 2709 302 2738; x_wconf 78' lang='lat' dir='ltr'>iste</span> <span class='ocrx_word' id='word_1_324' title='bbox 315 2708 408 2743; x_wconf 84' lang='lat' dir='ltr'>dixit,</span> <span class='ocrx_word' id='word_1_325' title='bbox 429 2709 466 2737; x_wconf 88' lang='lat' dir='ltr'>ab</span> <span class='ocrx_word' id='word_1_326' title='bbox 482 2708 615 2738; x_wconf 77' lang='lat' dir='ltr'>externis</span> <span class='ocrx_word' id='word_1_327' title='bbox 632 2708 732 2746; x_wconf 89' lang='lat' dir='ltr'>potius</span> <span class='ocrx_word' id='word_1_328' title='bbox 747 2719 834 2747; x_wconf 88' lang='lat' dir='ltr'>quam</span> <span class='ocrx_word' id='word_1_329' title='bbox 856 2719 871 2737; x_wconf 83' lang='lat' dir='ltr'>a</span> 
     </span>
     <span class='ocr_line' id='line_1_57' title="bbox 175 2750 873 2790; baseline 0 -10"><span class='ocrx_word' id='word_1_330' title='bbox 175 2751 262 2781; x_wconf 82' lang='lat' dir='ltr'>vobis</span> <span class='ocrx_word' id='word_1_331' title='bbox 275 2751 460 2790; x_wconf 81' lang='lat' dir='ltr'>comparavi,</span> <span class='ocrx_word' id='word_1_332' title='bbox 475 2751 676 2790; x_wconf 73' lang='lat' dir='ltr'>discipulique</span> <span class='ocrx_word' id='word_1_333' title='bbox 691 2750 748 2780; x_wconf 91' lang='lat' dir='ltr'>mei</span> <span class='ocrx_word' id='word_1_334' title='bbox 766 2761 822 2780; x_wconf 87' lang='lat' dir='ltr'>non</span> <span class='ocrx_word' id='word_1_335' title='bbox 840 2756 873 2780; x_wconf 93' lang='lat' dir='ltr'>ut</span> 
     </span>
     <span class='ocr_line' id='line_1_58' title="bbox 174 2793 872 2833; baseline 0.001 -11"><span class='ocrx_word' id='word_1_336' title='bbox 174 2793 351 2824; x_wconf 85' lang='lat' dir='ltr'>istorumilli</span> <span class='ocrx_word' id='word_1_337' title='bbox 362 2795 389 2823; x_wconf 95' lang='lat' dir='ltr'>in</span> <span class='ocrx_word' id='word_1_338' title='bbox 399 2794 547 2833; x_wconf 87' lang='lat' dir='ltr'>angustiis</span> <span class='ocrx_word' id='word_1_339' title='bbox 556 2799 724 2833; x_wconf 79' lang='lat' dir='ltr'>versantur,</span> <span class='ocrx_word' id='word_1_340' title='bbox 733 2794 872 2823; x_wconf 80' lang='lat' dir='ltr'>sedGrae·</span> 
     </span>
     <span class='ocr_line' id='line_1_59' title="bbox 176 2836 873 2875; baseline 0.001 -11"><span class='ocrx_word' id='word_1_341' title='bbox 176 2845 278 2866; x_wconf 87' lang='lat' dir='ltr'>corum</span> <span class='ocrx_word' id='word_1_342' title='bbox 301 2837 519 2875; x_wconf 80' lang='lat' dir='ltr'>opulentissimi</span> <span class='ocrx_word' id='word_1_343' title='bbox 542 2842 573 2866; x_wconf 87' lang='lat' dir='ltr'>et</span> <span class='ocrx_word' id='word_1_344' title='bbox 595 2836 771 2866; x_wconf 84' lang='lat' dir='ltr'>otiosissimi</span> <span class='ocrx_word' id='word_1_345' title='bbox 794 2841 873 2866; x_wconf 83' lang='lat' dir='ltr'>sunt.</span> 
     </span>
     <span class='ocr_line' id='line_1_60' title="bbox 178 2877 874 2915; baseline 0.001 -8"><span class='ocrx_word' id='word_1_346' title='bbox 178 2877 255 2914; x_wconf 84' lang='lat' dir='ltr'>Quis</span> <span class='ocrx_word' id='word_1_347' title='bbox 270 2880 383 2915; x_wconf 77' lang='lat' dir='ltr'>credat,</span> <span class='ocrx_word' id='word_1_348' title='bbox 400 2880 568 2915; x_wconf 85' lang='lat' dir='ltr'>Nicoclem,</span> <span class='ocrx_word' id='word_1_349' title='bbox 583 2879 812 2909; x_wconf 87' lang='lat' dir='ltr'>Salaminiorum</span> <span class='ocrx_word' id='word_1_350' title='bbox 827 2890 874 2909; x_wconf 91' lang='lat' dir='ltr'>re-</span> 
     </span>
    </p>
   </div>
   <div class='ocr_carea' id='block_1_7' title="bbox 889 614 1595 2918">
    <p class='ocr_par' dir='ltr' id='par_1_9' title="bbox 889 614 1595 2918">
     <span class='ocr_line' id='line_1_61' title="bbox 889 614 1583 653; baseline -0.006 -9"><span class='ocrx_word' id='word_1_351' title='bbox 889 615 1163 652; x_wconf 82' lang='lat' dir='ltr'>committcreutur;</span> <span class='ocrx_word' id='word_1_352' title='bbox 1193 625 1249 653; x_wconf 86' lang='lat' dir='ltr'>ego</span> <span class='ocrx_word' id='word_1_353' title='bbox 1269 623 1352 649; x_wconf 88' lang='lat' dir='ltr'>vero,</span> <span class='ocrx_word' id='word_1_354' title='bbox 1375 616 1407 642; x_wconf 93' lang='lat' dir='ltr'>ut</span> <span class='ocrx_word' id='word_1_355' title='bbox 1428 614 1583 642; x_wconf 77' lang='lat' dir='ltr'>accusator</span> 
     </span>
     <span class='ocr_line' id='line_1_62' title="bbox 889 655 1584 696; baseline -0.004 -10"><span class='ocrx_word' id='word_1_356' title='bbox 889 658 942 692; x_wconf 80' lang='lat' dir='ltr'>ait,</span> <span class='ocrx_word' id='word_1_357' title='bbox 960 658 1062 696; x_wconf 83' lang='lat' dir='ltr'>plures</span> <span class='ocrx_word' id='word_1_358' title='bbox 1084 657 1186 693; x_wconf 87' lang='lat' dir='ltr'>habui,</span> <span class='ocrx_word' id='word_1_359' title='bbox 1208 666 1295 696; x_wconf 89' lang='lat' dir='ltr'>quam</span> <span class='ocrx_word' id='word_1_360' title='bbox 1317 666 1421 685; x_wconf 90' lang='lat' dir='ltr'>omnes</span> <span class='ocrx_word' id='word_1_361' title='bbox 1437 655 1584 684; x_wconf 85' lang='lat' dir='ltr'>rhetores.</span> 
     </span>
     <span class='ocr_line' id='line_1_63' title="bbox 890 698 1584 741; baseline -0.007 -11"><span class='ocrx_word' id='word_1_362' title='bbox 890 699 971 741; x_wconf 82' lang='grc' dir='ltr'>(ιζ’)</span> <span class='ocrx_word' id='word_1_363' title='bbox 995 701 1091 736; x_wconf 89' lang='lat' dir='ltr'>Quam</span> <span class='ocrx_word' id='word_1_364' title='bbox 1117 701 1239 730; x_wconf 86' lang='lat' dir='ltr'>diversa</span> <span class='ocrx_word' id='word_1_365' title='bbox 1262 699 1352 728; x_wconf 86' lang='lat' dir='ltr'>fuerit</span> <span class='ocrx_word' id='word_1_366' title='bbox 1373 699 1434 728; x_wconf 83' lang='lat' dir='ltr'>vita</span> <span class='ocrx_word' id='word_1_367' title='bbox 1459 707 1524 727; x_wconf 84' lang='lat' dir='ltr'>mea</span> <span class='ocrx_word' id='word_1_368' title='bbox 1547 698 1584 726; x_wconf 87' lang='lat' dir='ltr'>ab</span> 
     </span>
     <span class='ocr_line' id='line_1_64' title="bbox 889 741 1584 782; baseline -0.004 -10"><span class='ocrx_word' id='word_1_369' title='bbox 889 743 1019 777; x_wconf 81' lang='lat' dir='ltr'>illorum.</span> <span class='ocrx_word' id='word_1_370' title='bbox 1036 743 1085 782; x_wconf 92' lang='lat' dir='ltr'>qui</span> <span class='ocrx_word' id='word_1_371' title='bbox 1103 742 1130 771; x_wconf 89' lang='lat' dir='ltr'>in</span> <span class='ocrx_word' id='word_1_372' title='bbox 1144 742 1268 781; x_wconf 82' lang='lat' dir='ltr'>judiciis</span> <span class='ocrx_word' id='word_1_373' title='bbox 1288 748 1453 776; x_wconf 80' lang='lat' dir='ltr'>versantur,</span> <span class='ocrx_word' id='word_1_374' title='bbox 1475 741 1516 770; x_wconf 90' lang='lat' dir='ltr'>ita</span> <span class='ocrx_word' id='word_1_375' title='bbox 1533 749 1584 769; x_wconf 83' lang='lat' dir='ltr'>vo-</span> 
     </span>
     <span class='ocr_line' id='line_1_65' title="bbox 890 783 1584 824; baseline -0.006 -9"><span class='ocrx_word' id='word_1_376' title='bbox 890 786 936 815; x_wconf 89' lang='lat' dir='ltr'>bis</span> <span class='ocrx_word' id='word_1_377' title='bbox 955 787 1068 824; x_wconf 86' lang='lat' dir='ltr'>optime</span> <span class='ocrx_word' id='word_1_378' title='bbox 1092 786 1311 815; x_wconf 83' lang='lat' dir='ltr'>demonstrasse</span> <span class='ocrx_word' id='word_1_379' title='bbox 1331 790 1415 823; x_wconf 88' lang='lat' dir='ltr'>puto,</span> <span class='ocrx_word' id='word_1_380' title='bbox 1438 783 1464 812; x_wconf 88' lang='lat' dir='ltr'>si</span> <span class='ocrx_word' id='word_1_381' title='bbox 1483 792 1584 812; x_wconf 82' lang='lat' dir='ltr'>earum</span> 
     </span>
     <span class='ocr_line' id='line_1_66' title="bbox 890 825 1584 867; baseline -0.006 -10"><span class='ocrx_word' id='word_1_382' title='bbox 890 839 1002 863; x_wconf 85' lang='lat' dir='ltr'>rerum,</span> <span class='ocrx_word' id='word_1_383' title='bbox 1018 829 1055 858; x_wconf 88' lang='lat' dir='ltr'>de</span> <span class='ocrx_word' id='word_1_384' title='bbox 1072 828 1181 867; x_wconf 88' lang='lat' dir='ltr'>quibus</span> <span class='ocrx_word' id='word_1_385' title='bbox 1197 833 1354 857; x_wconf 81' lang='lat' dir='ltr'>accusator</span> <span class='ocrx_word' id='word_1_386' title='bbox 1373 827 1463 862; x_wconf 77' lang='lat' dir='ltr'>dixit,</span> <span class='ocrx_word' id='word_1_387' title='bbox 1487 825 1584 854; x_wconf 87' lang='lat' dir='ltr'>nullos</span> 
     </span>
     <span class='ocr_line' id='line_1_67' title="bbox 891 867 1584 909; baseline -0.006 -9"><span class='ocrx_word' id='word_1_388' title='bbox 891 871 961 900; x_wconf 87' lang='lat' dir='ltr'>mihi</span> <span class='ocrx_word' id='word_1_389' title='bbox 973 871 1140 909; x_wconf 82' lang='lat' dir='ltr'>discipulos</span> <span class='ocrx_word' id='word_1_390' title='bbox 1151 871 1252 905; x_wconf 80' lang='lat' dir='ltr'>fuisse,</span> <span class='ocrx_word' id='word_1_391' title='bbox 1263 880 1359 908; x_wconf 86' lang='lat' dir='ltr'>neque</span> <span class='ocrx_word' id='word_1_392' title='bbox 1371 879 1418 898; x_wconf 86' lang='lat' dir='ltr'>me</span> <span class='ocrx_word' id='word_1_393' title='bbox 1431 867 1584 906; x_wconf 81' lang='lat' dir='ltr'>egregium</span> 
     </span>
     <span class='ocr_line' id='line_1_68' title="bbox 891 910 1585 943; baseline -0.006 -1"><span class='ocrx_word' id='word_1_394' title='bbox 891 914 1056 942; x_wconf 87' lang='lat' dir='ltr'>orationum</span> <span class='ocrx_word' id='word_1_395' title='bbox 1084 914 1244 943; x_wconf 85' lang='lat' dir='ltr'>sorensium</span> <span class='ocrx_word' id='word_1_396' title='bbox 1262 913 1405 941; x_wconf 82' lang='lat' dir='ltr'>artificem</span> <span class='ocrx_word' id='word_1_397' title='bbox 1429 910 1585 940; x_wconf 80' lang='lat' dir='ltr'>exstitisse</span> 
     </span>
     <span class='ocr_line' id='line_1_69' title="bbox 890 953 1586 993; baseline -0.007 -8"><span class='ocrx_word' id='word_1_398' title='bbox 890 957 1069 992; x_wconf 86' lang='lat' dir='ltr'>ostendero.‚·</span> <span class='ocrx_word' id='word_1_399' title='bbox 1085 956 1126 985; x_wconf 90' lang='lat' dir='ltr'>ita</span> <span class='ocrx_word' id='word_1_400' title='bbox 1142 956 1219 985; x_wconf 91' lang='lat' dir='ltr'>enim</span> <span class='ocrx_word' id='word_1_401' title='bbox 1235 955 1345 993; x_wconf 84' lang='lat' dir='ltr'>cupide</span> <span class='ocrx_word' id='word_1_402' title='bbox 1361 964 1414 983; x_wconf 90' lang='lat' dir='ltr'>vos</span> <span class='ocrx_word' id='word_1_403' title='bbox 1431 953 1586 982; x_wconf 89' lang='lat' dir='ltr'>audituros</span> 
     </span>
     <span class='ocr_line' id='line_1_70' title="bbox 891 995 1587 1036; baseline -0.004 -10"><span class='ocrx_word' id='word_1_404' title='bbox 891 1008 958 1026; x_wconf 87' lang='lat' dir='ltr'>esse</span> <span class='ocrx_word' id='word_1_405' title='bbox 972 999 1110 1032; x_wconf 82' lang='lat' dir='ltr'>arbitror,</span> <span class='ocrx_word' id='word_1_406' title='bbox 1126 998 1302 1036; x_wconf 85' lang='lat' dir='ltr'>quibusnam</span> <span class='ocrx_word' id='word_1_407' title='bbox 1318 996 1385 1024; x_wconf 87' lang='lat' dir='ltr'>aliis</span> <span class='ocrx_word' id='word_1_408' title='bbox 1401 995 1587 1024; x_wconf 78' lang='lat' dir='ltr'>orationibus</span> 
     </span>
     <span class='ocr_line' id='line_1_71' title="bbox 891 1038 1587 1077; baseline -0.006 -9"><span class='ocrx_word' id='word_1_409' title='bbox 891 1040 1086 1068; x_wconf 82' lang='lat' dir='ltr'>conficiendis</span> <span class='ocrx_word' id='word_1_410' title='bbox 1103 1046 1213 1069; x_wconf 88' lang='lat' dir='ltr'>tantam</span> <span class='ocrx_word' id='word_1_411' title='bbox 1237 1039 1308 1067; x_wconf 91' lang='lat' dir='ltr'>mihi</span> <span class='ocrx_word' id='word_1_412' title='bbox 1329 1038 1452 1077; x_wconf 81' lang='lat' dir='ltr'>gloriam</span> <span class='ocrx_word' id='word_1_413' title='bbox 1467 1047 1587 1074; x_wconf 85' lang='lat' dir='ltr'>compa-</span> 
     </span>
     <span class='ocr_line' id='line_1_72' title="bbox 890 1079 1587 1120; baseline -0.003 -10"><span class='ocrx_word' id='word_1_414' title='bbox 890 1082 1029 1117; x_wconf 87' lang='lat' dir='ltr'>raverim,</span> <span class='ocrx_word' id='word_1_415' title='bbox 1050 1092 1171 1120; x_wconf 81' lang='lat' dir='ltr'>quarum</span> <span class='ocrx_word' id='word_1_416' title='bbox 1189 1081 1297 1110; x_wconf 85' lang='lat' dir='ltr'>deinde</span> <span class='ocrx_word' id='word_1_417' title='bbox 1319 1080 1483 1119; x_wconf 87' lang='lat' dir='ltr'>specimina</span> <span class='ocrx_word' id='word_1_418' title='bbox 1500 1079 1587 1108; x_wconf 82' lang='lat' dir='ltr'>vobis</span> 
     </span>
     <span class='ocr_line' id='line_1_73' title="bbox 890 1122 1589 1164; baseline -0.001 -11"><span class='ocrx_word' id='word_1_419' title='bbox 890 1129 1104 1164; x_wconf 87' lang='lat' dir='ltr'>proponentur.</span> <span class='ocrx_word' id='word_1_420' title='bbox 1148 1125 1299 1162; x_wconf 85' lang='lat' dir='ltr'>Tanquam</span> <span class='ocrx_word' id='word_1_421' title='bbox 1316 1124 1408 1161; x_wconf 83' lang='lat' dir='ltr'>igitur</span> <span class='ocrx_word' id='word_1_422' title='bbox 1434 1132 1516 1156; x_wconf 84' lang='lat' dir='ltr'>vera,</span> <span class='ocrx_word' id='word_1_423' title='bbox 1531 1122 1589 1152; x_wconf 78' lang='lat' dir='ltr'>etsi</span> 
     </span>
     <span class='ocr_line' id='line_1_74' title="bbox 892 1165 1589 1204; baseline -0.003 -8"><span class='ocrx_word' id='word_1_424' title='bbox 892 1168 1027 1196; x_wconf 89' lang='lat' dir='ltr'>nocitura</span> <span class='ocrx_word' id='word_1_425' title='bbox 1042 1167 1126 1204; x_wconf 87' lang='lat' dir='ltr'>mihi,</span> <span class='ocrx_word' id='word_1_426' title='bbox 1140 1167 1220 1196; x_wconf 88' lang='lat' dir='ltr'>nullo</span> <span class='ocrx_word' id='word_1_427' title='bbox 1231 1172 1327 1195; x_wconf 76' lang='lat' dir='ltr'>tamen</span> <span class='ocrx_word' id='word_1_428' title='bbox 1345 1166 1433 1195; x_wconf 86' lang='lat' dir='ltr'>modo</span> <span class='ocrx_word' id='word_1_429' title='bbox 1446 1165 1589 1194; x_wconf 86' lang='lat' dir='ltr'>dissimu-</span> 
     </span>
     <span class='ocr_line' id='line_1_75' title="bbox 892 1207 1590 1248; baseline -0.003 -10"><span class='ocrx_word' id='word_1_430' title='bbox 892 1210 991 1245; x_wconf 86' lang='lat' dir='ltr'>landa,</span> <span class='ocrx_word' id='word_1_431' title='bbox 1015 1210 1078 1239; x_wconf 85' lang='lat' dir='ltr'>haec</span> <span class='ocrx_word' id='word_1_432' title='bbox 1101 1209 1242 1248; x_wconf 84' lang='lat' dir='ltr'>accipite.</span> <span class='ocrx_word' id='word_1_433' title='bbox 1285 1207 1364 1248; x_wconf 83' lang='grc' dir='ltr'>(ιη’.)</span> <span class='ocrx_word' id='word_1_434' title='bbox 1393 1209 1475 1237; x_wconf 84' lang='lat' dir='ltr'>Inter</span> <span class='ocrx_word' id='word_1_435' title='bbox 1498 1208 1590 1237; x_wconf 88' lang='lat' dir='ltr'>multa</span> 
     </span>
     <span class='ocr_line' id='line_1_76' title="bbox 893 1253 1590 1291; baseline -0.003 -10"><span class='ocrx_word' id='word_1_436' title='bbox 893 1253 1058 1281; x_wconf 85' lang='lat' dir='ltr'>orationum</span> <span class='ocrx_word' id='word_1_437' title='bbox 1075 1262 1195 1291; x_wconf 87' lang='lat' dir='ltr'>genera,</span> <span class='ocrx_word' id='word_1_438' title='bbox 1207 1262 1341 1286; x_wconf 82' lang='lat' dir='ltr'>numero,</span> <span class='ocrx_word' id='word_1_439' title='bbox 1355 1258 1521 1289; x_wconf 87' lang='lat' dir='ltr'>poematum</span> <span class='ocrx_word' id='word_1_440' title='bbox 1539 1261 1590 1289; x_wconf 83' lang='lat' dir='ltr'>ge-</span> 
     </span>
     <span class='ocr_line' id='line_1_77' title="bbox 893 1293 1590 1329; baseline -0.003 -5"><span class='ocrx_word' id='word_1_441' title='bbox 893 1294 1014 1324; x_wconf 89' lang='lat' dir='ltr'>neribus</span> <span class='ocrx_word' id='word_1_442' title='bbox 1040 1295 1118 1324; x_wconf 84' lang='lat' dir='ltr'>haud</span> <span class='ocrx_word' id='word_1_443' title='bbox 1142 1295 1290 1329; x_wconf 88' lang='lat' dir='ltr'>cedentia,</span> <span class='ocrx_word' id='word_1_444' title='bbox 1317 1304 1406 1324; x_wconf 86' lang='lat' dir='ltr'>unum</span> <span class='ocrx_word' id='word_1_445' title='bbox 1429 1298 1477 1322; x_wconf 80' lang='lat' dir='ltr'>est</span> <span class='ocrx_word' id='word_1_446' title='bbox 1503 1293 1590 1328; x_wconf 85' lang='lat' dir='ltr'>illud,</span> 
     </span>
     <span class='ocr_line' id='line_1_78' title="bbox 894 1336 1591 1377; baseline -0.001 -11"><span class='ocrx_word' id='word_1_447' title='bbox 894 1338 974 1377; x_wconf 91' lang='lat' dir='ltr'>quod</span> <span class='ocrx_word' id='word_1_448' title='bbox 992 1337 1119 1367; x_wconf 85' lang='lat' dir='ltr'>Graeciae</span> <span class='ocrx_word' id='word_1_449' title='bbox 1140 1347 1299 1376; x_wconf 88' lang='lat' dir='ltr'>rerumque</span> <span class='ocrx_word' id='word_1_450' title='bbox 1320 1336 1506 1376; x_wconf 86' lang='lat' dir='ltr'>publicarum</span> <span class='ocrx_word' id='word_1_451' title='bbox 1530 1343 1591 1366; x_wconf 89' lang='lat' dir='ltr'>sta-</span> 
     </span>
     <span class='ocr_line' id='line_1_79' title="bbox 894 1379 1590 1418; baseline 0 -9"><span class='ocrx_word' id='word_1_452' title='bbox 894 1385 955 1409; x_wconf 90' lang='lat' dir='ltr'>tum</span> <span class='ocrx_word' id='word_1_453' title='bbox 971 1384 1089 1414; x_wconf 88' lang='lat' dir='ltr'>tractat,</span> <span class='ocrx_word' id='word_1_454' title='bbox 1101 1380 1300 1410; x_wconf 87' lang='lat' dir='ltr'>conventibus</span> <span class='ocrx_word' id='word_1_455' title='bbox 1316 1379 1448 1418; x_wconf 88' lang='lat' dir='ltr'>publicis</span> <span class='ocrx_word' id='word_1_456' title='bbox 1461 1379 1590 1409; x_wconf 85' lang='lat' dir='ltr'>maxime</span> 
     </span>
     <span class='ocr_line' id='line_1_80' title="bbox 893 1422 1591 1462; baseline 0 -10"><span class='ocrx_word' id='word_1_457' title='bbox 893 1423 967 1452; x_wconf 90' lang='lat' dir='ltr'>illud</span> <span class='ocrx_word' id='word_1_458' title='bbox 983 1424 1250 1462; x_wconf 82' lang='lat' dir='ltr'>accommodatum,</span> <span class='ocrx_word' id='word_1_459' title='bbox 1273 1427 1303 1452; x_wconf 90' lang='lat' dir='ltr'>et</span> <span class='ocrx_word' id='word_1_460' title='bbox 1319 1422 1505 1460; x_wconf 87' lang='lat' dir='ltr'>poematibus</span> <span class='ocrx_word' id='word_1_461' title='bbox 1520 1433 1591 1461; x_wconf 82' lang='lat' dir='ltr'>pro·</span> 
     </span>
     <span class='ocr_line' id='line_1_81' title="bbox 895 1464 1590 1504; baseline -0.003 -9"><span class='ocrx_word' id='word_1_462' title='bbox 895 1466 963 1504; x_wconf 88' lang='lat' dir='ltr'>pius</span> <span class='ocrx_word' id='word_1_463' title='bbox 979 1467 1142 1504; x_wconf 75' lang='lat' dir='ltr'>accedens3</span> <span class='ocrx_word' id='word_1_464' title='bbox 1169 1476 1228 1504; x_wconf 91' lang='lat' dir='ltr'>quo</span> <span class='ocrx_word' id='word_1_465' title='bbox 1244 1465 1330 1495; x_wconf 91' lang='lat' dir='ltr'>multi</span> <span class='ocrx_word' id='word_1_466' title='bbox 1345 1475 1401 1494; x_wconf 82' lang='lat' dir='ltr'>non</span> <span class='ocrx_word' id='word_1_467' title='bbox 1418 1464 1515 1494; x_wconf 90' lang='lat' dir='ltr'>minus</span> <span class='ocrx_word' id='word_1_468' title='bbox 1537 1465 1590 1494; x_wconf 89' lang='lat' dir='ltr'>de-</span> 
     </span>
     <span class='ocr_line' id='line_1_82' title="bbox 894 1508 1590 1547; baseline -0.003 -9"><span class='ocrx_word' id='word_1_469' title='bbox 894 1508 1053 1544; x_wconf 87' lang='lat' dir='ltr'>lectantur,</span> <span class='ocrx_word' id='word_1_470' title='bbox 1066 1519 1152 1547; x_wconf 91' lang='lat' dir='ltr'>quam</span> <span class='ocrx_word' id='word_1_471' title='bbox 1164 1509 1363 1547; x_wconf 77' lang='lat' dir='ltr'>poematibus,</span> <span class='ocrx_word' id='word_1_472' title='bbox 1376 1508 1517 1546; x_wconf 90' lang='lat' dir='ltr'>quodque</span> <span class='ocrx_word' id='word_1_473' title='bbox 1527 1512 1590 1536; x_wconf 90' lang='lat' dir='ltr'>tan-</span> 
     </span>
     <span class='ocr_line' id='line_1_83' title="bbox 896 1551 1590 1590; baseline -0.001 -10"><span class='ocrx_word' id='word_1_474' title='bbox 896 1561 981 1590; x_wconf 89' lang='lat' dir='ltr'>quam</span> <span class='ocrx_word' id='word_1_475' title='bbox 999 1551 1114 1586; x_wconf 86' lang='lat' dir='ltr'>utilius,</span> <span class='ocrx_word' id='word_1_476' title='bbox 1135 1551 1296 1586; x_wconf 84' lang='lat' dir='ltr'>celebrius,</span> <span class='ocrx_word' id='word_1_477' title='bbox 1317 1551 1469 1580; x_wconf 82' lang='lat' dir='ltr'>difficilius</span> <span class='ocrx_word' id='word_1_478' title='bbox 1484 1561 1519 1579; x_wconf 85' lang='lat' dir='ltr'>ac</span> <span class='ocrx_word' id='word_1_479' title='bbox 1538 1561 1590 1580; x_wconf 89' lang='lat' dir='ltr'>no-</span> 
     </span>
     <span class='ocr_line' id='line_1_84' title="bbox 896 1593 1592 1632; baseline -0.001 -9"><span class='ocrx_word' id='word_1_480' title='bbox 896 1594 987 1623; x_wconf 89' lang='lat' dir='ltr'>bilius</span> <span class='ocrx_word' id='word_1_481' title='bbox 1009 1594 1165 1623; x_wconf 80' lang='lat' dir='ltr'>addiscere</span> <span class='ocrx_word' id='word_1_482' title='bbox 1189 1594 1344 1632; x_wconf 88' lang='lat' dir='ltr'>cupientes</span> <span class='ocrx_word' id='word_1_483' title='bbox 1365 1593 1535 1631; x_wconf 86' lang='lat' dir='ltr'>disciplinae</span> <span class='ocrx_word' id='word_1_484' title='bbox 1558 1603 1592 1623; x_wconf 84' lang='lat' dir='ltr'>se</span> 
     </span>
     <span class='ocr_line' id='line_1_85' title="bbox 896 1635 1593 1676; baseline -0.001 -10"><span class='ocrx_word' id='word_1_485' title='bbox 896 1637 1025 1672; x_wconf 89' lang='lat' dir='ltr'>tradunt,</span> <span class='ocrx_word' id='word_1_486' title='bbox 1036 1647 1074 1666; x_wconf 85' lang='lat' dir='ltr'>ex</span> <span class='ocrx_word' id='word_1_487' title='bbox 1089 1647 1148 1676; x_wconf 90' lang='lat' dir='ltr'>quo</span> <span class='ocrx_word' id='word_1_488' title='bbox 1163 1643 1220 1674; x_wconf 83' lang='lat' dir='ltr'>ego</span> <span class='ocrx_word' id='word_1_489' title='bbox 1233 1636 1358 1674; x_wconf 88' lang='lat' dir='ltr'>amplam</span> <span class='ocrx_word' id='word_1_490' title='bbox 1376 1641 1404 1665; x_wconf 87' lang='lat' dir='ltr'>et</span> <span class='ocrx_word' id='word_1_491' title='bbox 1422 1635 1548 1673; x_wconf 74' lang='lat' dir='ltr'>gratiam</span> <span class='ocrx_word' id='word_1_492' title='bbox 1562 1640 1593 1665; x_wconf 75' lang='lat' dir='ltr'>et</span> 
     </span>
     <span class='ocr_line' id='line_1_86' title="bbox 896 1677 1592 1718; baseline -0.003 -9"><span class='ocrx_word' id='word_1_493' title='bbox 896 1680 1102 1709; x_wconf 87' lang='lat' dir='ltr'>celebritatem</span> <span class='ocrx_word' id='word_1_494' title='bbox 1123 1679 1195 1708; x_wconf 88' lang='lat' dir='ltr'>mihi</span> <span class='ocrx_word' id='word_1_495' title='bbox 1220 1679 1338 1718; x_wconf 90' lang='lat' dir='ltr'>peperi.</span> <span class='ocrx_word' id='word_1_496' title='bbox 1388 1677 1467 1718; x_wconf 60' lang='lat'>(⁵9¹.)</span> <span class='ocrx_word' id='word_1_497' title='bbox 1492 1679 1592 1717; x_wconf 87' lang='lat' dir='ltr'>Atque</span> 
     </span>
     <span class='ocr_line' id='line_1_87' title="bbox 897 1721 1593 1759; baseline -0.003 -7"><span class='ocrx_word' id='word_1_498' title='bbox 897 1723 959 1752; x_wconf 76' lang='lat' dir='ltr'>ltaec</span> <span class='ocrx_word' id='word_1_499' title='bbox 975 1724 1013 1752; x_wconf 82' lang='lat' dir='ltr'>(le</span> <span class='ocrx_word' id='word_1_500' title='bbox 1027 1733 1095 1752; x_wconf 84' lang='lat' dir='ltr'>mea</span> <span class='ocrx_word' id='word_1_501' title='bbox 1115 1722 1180 1751; x_wconf 83' lang='lat' dir='ltr'>sive</span> <span class='ocrx_word' id='word_1_502' title='bbox 1197 1722 1348 1756; x_wconf 74' lang='lat' dir='ltr'>facultate,</span> <span class='ocrx_word' id='word_1_503' title='bbox 1368 1721 1433 1750; x_wconf 86' lang='lat' dir='ltr'>sive</span> <span class='ocrx_word' id='word_1_504' title='bbox 1451 1721 1593 1759; x_wconf 88' lang='lat' dir='ltr'>eloquen-</span> 
     </span>
     <span class='ocr_line' id='line_1_88' title="bbox 896 1764 1591 1802; baseline -0.001 -7"><span class='ocrx_word' id='word_1_505' title='bbox 896 1766 948 1800; x_wconf 91' lang='lat' dir='ltr'>tia,</span> <span class='ocrx_word' id='word_1_506' title='bbox 969 1766 1032 1795; x_wconf 90' lang='lat' dir='ltr'>sive</span> <span class='ocrx_word' id='word_1_507' title='bbox 1053 1765 1271 1794; x_wconf 84' lang='lat' dir='ltr'>exercitatione</span> <span class='ocrx_word' id='word_1_508' title='bbox 1290 1764 1372 1794; x_wconf 81' lang='lat' dir='ltr'>dicta</span> <span class='ocrx_word' id='word_1_509' title='bbox 1392 1764 1461 1793; x_wconf 87' lang='lat' dir='ltr'>sint.</span> <span class='ocrx_word' id='word_1_510' title='bbox 1503 1764 1591 1802; x_wconf 86' lang='lat' dir='ltr'>Quod</span> 
     </span>
     <span class='ocr_line' id='line_1_89' title="bbox 896 1806 1593 1847; baseline -0.001 -9"><span class='ocrx_word' id='word_1_511' title='bbox 896 1819 967 1838; x_wconf 87' lang='lat' dir='ltr'>vero</span> <span class='ocrx_word' id='word_1_512' title='bbox 990 1809 1027 1837; x_wconf 90' lang='lat' dir='ltr'>ad</span> <span class='ocrx_word' id='word_1_513' title='bbox 1050 1819 1096 1837; x_wconf 90' lang='lat' dir='ltr'>me</span> <span class='ocrx_word' id='word_1_514' title='bbox 1119 1808 1217 1847; x_wconf 86' lang='lat' dir='ltr'>ipsum</span> <span class='ocrx_word' id='word_1_515' title='bbox 1239 1808 1356 1842; x_wconf 85' lang='lat' dir='ltr'>attinet,</span> <span class='ocrx_word' id='word_1_516' title='bbox 1376 1816 1433 1844; x_wconf 87' lang='lat' dir='ltr'>ego</span> <span class='ocrx_word' id='word_1_517' title='bbox 1455 1806 1593 1837; x_wconf 87' lang='lat' dir='ltr'>severius</span> 
     </span>
     <span class='ocr_line' id='line_1_90' title="bbox 895 1849 1592 1889; baseline -0.003 -9"><span class='ocrx_word' id='word_1_518' title='bbox 895 1856 983 1889; x_wconf 86' lang='lat' dir='ltr'>atque</span> <span class='ocrx_word' id='word_1_519' title='bbox 1004 1851 1146 1880; x_wconf 86' lang='lat' dir='ltr'>audacius</span> <span class='ocrx_word' id='word_1_520' title='bbox 1169 1849 1259 1879; x_wconf 89' lang='lat' dir='ltr'>etiam</span> <span class='ocrx_word' id='word_1_521' title='bbox 1281 1860 1358 1878; x_wconf 79' lang='lat' dir='ltr'>nunc.</span> <span class='ocrx_word' id='word_1_522' title='bbox 1380 1849 1502 1887; x_wconf 87' lang='lat' dir='ltr'>loquar;</span> <span class='ocrx_word' id='word_1_523' title='bbox 1524 1860 1592 1889; x_wconf 82' lang='lat' dir='ltr'>pro·</span> 
     </span>
     <span class='ocr_line' id='line_1_91' title="bbox 894 1892 1591 1927; baseline -0.001 -4"><span class='ocrx_word' id='word_1_524' title='bbox 894 1904 972 1923; x_wconf 88' lang='lat' dir='ltr'>voco</span> <span class='ocrx_word' id='word_1_525' title='bbox 989 1894 1067 1923; x_wconf 88' lang='lat' dir='ltr'>enim</span> <span class='ocrx_word' id='word_1_526' title='bbox 1090 1904 1154 1927; x_wconf 89' lang='lat' dir='ltr'>vos,</span> <span class='ocrx_word' id='word_1_527' title='bbox 1176 1898 1221 1927; x_wconf 94' lang='lat' dir='ltr'>ut,</span> <span class='ocrx_word' id='word_1_528' title='bbox 1243 1903 1299 1922; x_wconf 89' lang='lat' dir='ltr'>non</span> <span class='ocrx_word' id='word_1_529' title='bbox 1321 1893 1422 1927; x_wconf 86' lang='lat' dir='ltr'>modo,</span> <span class='ocrx_word' id='word_1_530' title='bbox 1438 1892 1463 1921; x_wconf 93' lang='lat' dir='ltr'>si</span> <span class='ocrx_word' id='word_1_531' title='bbox 1485 1892 1591 1922; x_wconf 77' lang='lat' dir='ltr'>noxias</span> 
     </span>
     <span class='ocr_line' id='line_1_92' title="bbox 894 1935 1591 1970; baseline 0 -5"><span class='ocrx_word' id='word_1_532' title='bbox 894 1937 1044 1966; x_wconf 86' lang='lat' dir='ltr'>orationes</span> <span class='ocrx_word' id='word_1_533' title='bbox 1059 1937 1199 1970; x_wconf 83' lang='lat' dir='ltr'>scribam,</span> <span class='ocrx_word' id='word_1_534' title='bbox 1214 1935 1322 1964; x_wconf 86' lang='lat' dir='ltr'>nullam</span> <span class='ocrx_word' id='word_1_535' title='bbox 1338 1946 1355 1964; x_wconf 91' lang='lat' dir='ltr'>a</span> <span class='ocrx_word' id='word_1_536' title='bbox 1370 1935 1455 1964; x_wconf 89' lang='lat' dir='ltr'>vobis</span> <span class='ocrx_word' id='word_1_537' title='bbox 1473 1935 1591 1965; x_wconf 84' lang='lat' dir='ltr'>veniam</span> 
     </span>
     <span class='ocr_line' id='line_1_93' title="bbox 895 1977 1591 2018; baseline -0.001 -10"><span class='ocrx_word' id='word_1_538' title='bbox 895 1979 1064 2018; x_wconf 83' lang='lat' dir='ltr'>impetrem,</span> <span class='ocrx_word' id='word_1_539' title='bbox 1080 1980 1145 2014; x_wconf 86' lang='lat' dir='ltr'>sed,</span> <span class='ocrx_word' id='word_1_540' title='bbox 1165 1979 1223 2008; x_wconf 87' lang='lat' dir='ltr'>nisi</span> <span class='ocrx_word' id='word_1_541' title='bbox 1245 1979 1319 2008; x_wconf 85' lang='lat' dir='ltr'>tales</span> <span class='ocrx_word' id='word_1_542' title='bbox 1339 1978 1472 2012; x_wconf 82' lang='lat' dir='ltr'>elaboro,</span> <span class='ocrx_word' id='word_1_543' title='bbox 1488 1977 1591 2016; x_wconf 75' lang='lat' dir='ltr'>quales</span> 
     </span>
     <span class='ocr_line' id='line_1_94' title="bbox 894 2020 1591 2061; baseline -0.001 -10"><span class='ocrx_word' id='word_1_544' title='bbox 894 2029 1004 2061; x_wconf 76' lang='lat' dir='ltr'>praeter</span> <span class='ocrx_word' id='word_1_545' title='bbox 1029 2033 1074 2051; x_wconf 93' lang='lat' dir='ltr'>me</span> <span class='ocrx_word' id='word_1_546' title='bbox 1099 2022 1209 2057; x_wconf 82' lang='lat' dir='ltr'>nullus,</span> <span class='ocrx_word' id='word_1_547' title='bbox 1235 2020 1414 2060; x_wconf 85' lang='lat' dir='ltr'>gravissima</span> <span class='ocrx_word' id='word_1_548' title='bbox 1441 2020 1591 2058; x_wconf 82' lang='lat' dir='ltr'>supplicia</span> 
     </span>
     <span class='ocr_line' id='line_1_95' title="bbox 895 2063 1590 2106; baseline -0.001 -12"><span class='ocrx_word' id='word_1_549' title='bbox 895 2066 1029 2095; x_wconf 86' lang='lat' dir='ltr'>subeam.</span> <span class='ocrx_word' id='word_1_550' title='bbox 1073 2064 1144 2106; x_wconf 77' lang='grc' dir='ltr'>(κ’.)</span> <span class='ocrx_word' id='word_1_551' title='bbox 1161 2066 1208 2094; x_wconf 89' lang='lat' dir='ltr'>Ne</span> <span class='ocrx_word' id='word_1_552' title='bbox 1226 2075 1297 2094; x_wconf 85' lang='lat' dir='ltr'>vero</span> <span class='ocrx_word' id='word_1_553' title='bbox 1311 2063 1443 2099; x_wconf 76' lang='lat' dir='ltr'>ambigui</span> <span class='ocrx_word' id='word_1_554' title='bbox 1459 2063 1537 2098; x_wconf 91' lang='lat' dir='ltr'>sitis,</span> <span class='ocrx_word' id='word_1_555' title='bbox 1554 2073 1590 2093; x_wconf 81' lang='lat' dir='ltr'>an</span> 
     </span>
     <span class='ocr_line' id='line_1_96' title="bbox 896 2106 1590 2147; baseline -0.001 -10"><span class='ocrx_word' id='word_1_556' title='bbox 896 2118 996 2137; x_wconf 82' lang='lat' dir='ltr'>verum</span> <span class='ocrx_word' id='word_1_557' title='bbox 1012 2109 1124 2147; x_wconf 82' lang='lat' dir='ltr'>loquar,</span> <span class='ocrx_word' id='word_1_558' title='bbox 1137 2108 1180 2143; x_wconf 84' lang='lat' dir='ltr'>id,</span> <span class='ocrx_word' id='word_1_559' title='bbox 1190 2108 1269 2146; x_wconf 90' lang='lat' dir='ltr'>quod</span> <span class='ocrx_word' id='word_1_560' title='bbox 1285 2107 1312 2136; x_wconf 91' lang='lat' dir='ltr'>in</span> <span class='ocrx_word' id='word_1_561' title='bbox 1325 2106 1590 2144; x_wconf 58' lang='lat' dir='ltr'>sactis-judicandis</span> 
     </span>
     <span class='ocr_line' id='line_1_97' title="bbox 896 2149 1589 2190; baseline -0.004 -10"><span class='ocrx_word' id='word_1_562' title='bbox 896 2162 953 2180; x_wconf 93' lang='lat' dir='ltr'>non</span> <span class='ocrx_word' id='word_1_563' title='bbox 974 2151 1057 2184; x_wconf 87' lang='lat' dir='ltr'>licet,</span> <span class='ocrx_word' id='word_1_564' title='bbox 1073 2150 1222 2180; x_wconf 87' lang='lat' dir='ltr'>orationes</span> <span class='ocrx_word' id='word_1_565' title='bbox 1244 2150 1326 2190; x_wconf 87' lang='lat' dir='ltr'>ipsas</span> <span class='ocrx_word' id='word_1_566' title='bbox 1349 2159 1406 2178; x_wconf 86' lang='lat' dir='ltr'>non</span> <span class='ocrx_word' id='word_1_567' title='bbox 1422 2149 1589 2178; x_wconf 82' lang='lat' dir='ltr'>describam</span> 
     </span>
     <span class='ocr_line' id='line_1_98' title="bbox 897 2191 1589 2231; baseline 0 -9"><span class='ocrx_word' id='word_1_568' title='bbox 897 2194 994 2229; x_wconf 72' lang='lat' dir='ltr'>vobis,</span> <span class='ocrx_word' id='word_1_569' title='bbox 1018 2193 1070 2223; x_wconf 81' lang='lat' dir='ltr'>sed</span> <span class='ocrx_word' id='word_1_570' title='bbox 1092 2199 1159 2222; x_wconf 87' lang='lat' dir='ltr'>ante</span> <span class='ocrx_word' id='word_1_571' title='bbox 1180 2193 1284 2222; x_wconf 82' lang='lat' dir='ltr'>oculos</span> <span class='ocrx_word' id='word_1_572' title='bbox 1306 2202 1422 2231; x_wconf 84' lang='lat' dir='ltr'>ponam,</span> <span class='ocrx_word' id='word_1_573' title='bbox 1445 2201 1502 2220; x_wconf 90' lang='lat' dir='ltr'>non</span> <span class='ocrx_word' id='word_1_574' title='bbox 1522 2191 1589 2222; x_wconf 85' lang='lat' dir='ltr'>illas</span> 
     </span>
     <span class='ocr_line' id='line_1_99' title="bbox 896 2235 1591 2276; baseline -0.003 -10"><span class='ocrx_word' id='word_1_575' title='bbox 896 2238 1016 2276; x_wconf 83' lang='lat' dir='ltr'>quidem</span> <span class='ocrx_word' id='word_1_576' title='bbox 1040 2242 1129 2271; x_wconf 85' lang='lat' dir='ltr'>totas,</span> <span class='ocrx_word' id='word_1_577' title='bbox 1151 2236 1204 2265; x_wconf 88' lang='lat' dir='ltr'>sed</span> <span class='ocrx_word' id='word_1_578' title='bbox 1228 2246 1328 2265; x_wconf 90' lang='lat' dir='ltr'>earum</span> <span class='ocrx_word' id='word_1_579' title='bbox 1352 2235 1531 2273; x_wconf 84' lang='lat' dir='ltr'>particulas;</span> <span class='ocrx_word' id='word_1_580' title='bbox 1558 2239 1591 2264; x_wconf 80' lang='lat' dir='ltr'>ut</span> 
     </span>
     <span class='ocr_line' id='line_1_100' title="bbox 896 2278 1590 2316; baseline -0.003 -7"><span class='ocrx_word' id='word_1_581' title='bbox 896 2281 965 2309; x_wconf 91' lang='lat' dir='ltr'>inde</span> <span class='ocrx_word' id='word_1_582' title='bbox 981 2286 1009 2310; x_wconf 86' lang='lat' dir='ltr'>et</span> <span class='ocrx_word' id='word_1_583' title='bbox 1023 2289 1120 2308; x_wconf 82' lang='lat' dir='ltr'>mores</span> <span class='ocrx_word' id='word_1_584' title='bbox 1134 2289 1213 2308; x_wconf 79' lang='lat' dir='ltr'>meos</span> <span class='ocrx_word' id='word_1_585' title='bbox 1225 2283 1255 2308; x_wconf 86' lang='lat' dir='ltr'>et</span> <span class='ocrx_word' id='word_1_586' title='bbox 1267 2278 1396 2316; x_wconf 79' lang='lat' dir='ltr'>reliquas</span> <span class='ocrx_word' id='word_1_587' title='bbox 1408 2288 1510 2307; x_wconf 73' lang='lat' dir='ltr'>omnes</span> <span class='ocrx_word' id='word_1_588' title='bbox 1524 2287 1590 2307; x_wconf 78' lang='lat' dir='ltr'>ora-</span> 
     </span>
     <span class='ocr_line' id='line_1_101' title="bbox 898 2320 1590 2360; baseline -0.004 -8"><span class='ocrx_word' id='word_1_589' title='bbox 898 2323 994 2352; x_wconf 79' lang='lat' dir='ltr'>tiones</span> <span class='ocrx_word' id='word_1_590' title='bbox 1024 2322 1192 2360; x_wconf 83' lang='lat' dir='ltr'>dijudicare</span> <span class='ocrx_word' id='word_1_591' title='bbox 1222 2321 1357 2360; x_wconf 84' lang='lat' dir='ltr'>possitis.</span> <span class='ocrx_word' id='word_1_592' title='bbox 1416 2320 1450 2349; x_wconf 95' lang='lat' dir='ltr'>In</span> <span class='ocrx_word' id='word_1_593' title='bbox 1481 2320 1590 2359; x_wconf 77' lang='lat' dir='ltr'>quibus</span> 
     </span>
     <span class='ocr_line' id='line_1_102' title="bbox 897 2364 1592 2403; baseline -0.003 -9"><span class='ocrx_word' id='word_1_594' title='bbox 897 2365 1060 2394; x_wconf 86' lang='lat' dir='ltr'>recitandis</span> <span class='ocrx_word' id='word_1_595' title='bbox 1082 2375 1118 2394; x_wconf 89' lang='lat' dir='ltr'>ne</span> <span class='ocrx_word' id='word_1_596' title='bbox 1140 2375 1219 2403; x_wconf 72' lang='lat' dir='ltr'>aegre</span> <span class='ocrx_word' id='word_1_597' title='bbox 1245 2364 1359 2399; x_wconf 84' lang='lat' dir='ltr'>seratis,</span> <span class='ocrx_word' id='word_1_598' title='bbox 1376 2373 1461 2401; x_wconf 87' lang='lat' dir='ltr'>rogo,</span> <span class='ocrx_word' id='word_1_599' title='bbox 1479 2373 1526 2392; x_wconf 85' lang='lat' dir='ltr'>me</span> <span class='ocrx_word' id='word_1_600' title='bbox 1541 2373 1592 2393; x_wconf 89' lang='lat' dir='ltr'>eo·</span> 
     </span>
     <span class='ocr_line' id='line_1_103' title="bbox 899 2405 1591 2446; baseline -0.001 -9"><span class='ocrx_word' id='word_1_601' title='bbox 899 2409 966 2437; x_wconf 89' lang='lat' dir='ltr'>dem</span> <span class='ocrx_word' id='word_1_602' title='bbox 989 2408 1079 2437; x_wconf 77' lang='lat' dir='ltr'>modo</span> <span class='ocrx_word' id='word_1_603' title='bbox 1103 2407 1172 2436; x_wconf 88' lang='lat' dir='ltr'>illas</span> <span class='ocrx_word' id='word_1_604' title='bbox 1198 2411 1347 2446; x_wconf 85' lang='lat' dir='ltr'>repetere,</span> <span class='ocrx_word' id='word_1_605' title='bbox 1381 2416 1438 2444; x_wconf 91' lang='lat' dir='ltr'>quo</span> <span class='ocrx_word' id='word_1_606' title='bbox 1468 2405 1591 2445; x_wconf 85' lang='lat' dir='ltr'>scriptae</span> 
     </span>
     <span class='ocr_line' id='line_1_104' title="bbox 900 2448 1592 2489; baseline -0.004 -8"><span class='ocrx_word' id='word_1_607' title='bbox 900 2456 979 2486; x_wconf 81' lang='lat' dir='ltr'>sunt,</span> <span class='ocrx_word' id='word_1_608' title='bbox 995 2461 1083 2489; x_wconf 90' lang='lat' dir='ltr'>quum</span> <span class='ocrx_word' id='word_1_609' title='bbox 1100 2449 1197 2479; x_wconf 82' lang='lat' dir='ltr'>omnis</span> <span class='ocrx_word' id='word_1_610' title='bbox 1212 2449 1338 2479; x_wconf 82' lang='lat' dir='ltr'>mutatio</span> <span class='ocrx_word' id='word_1_611' title='bbox 1359 2448 1486 2478; x_wconf 83' lang='lat' dir='ltr'>consilio</span> <span class='ocrx_word' id='word_1_612' title='bbox 1508 2454 1592 2478; x_wconf 75' lang='lat' dir='ltr'>esset</span> 
     </span>
     <span class='ocr_line' id='line_1_105' title="bbox 900 2491 1592 2531; baseline -0.004 -8"><span class='ocrx_word' id='word_1_613' title='bbox 900 2494 1059 2524; x_wconf 85' lang='lat' dir='ltr'>contraria.</span> <span class='ocrx_word' id='word_1_614' title='bbox 1117 2492 1176 2522; x_wconf 90' lang='lat' dir='ltr'>Sed</span> <span class='ocrx_word' id='word_1_615' title='bbox 1203 2492 1263 2531; x_wconf 84' lang='lat' dir='ltr'>ipsi</span> <span class='ocrx_word' id='word_1_616' title='bbox 1288 2491 1460 2522; x_wconf 88' lang='lat' dir='ltr'>recitationi</span> <span class='ocrx_word' id='word_1_617' title='bbox 1495 2501 1592 2530; x_wconf 77' lang='lat' dir='ltr'>pauca</span> 
     </span>
     <span class='ocr_line' id='line_1_106' title="bbox 903 2533 1591 2576; baseline -0.004 -10"><span class='ocrx_word' id='word_1_618' title='bbox 903 2537 1083 2576; x_wconf 88' lang='lat' dir='ltr'>praemittere</span> <span class='ocrx_word' id='word_1_619' title='bbox 1121 2535 1221 2570; x_wconf 80' lang='lat' dir='ltr'>liceat,</span> <span class='ocrx_word' id='word_1_620' title='bbox 1262 2545 1329 2574; x_wconf 82' lang='lat' dir='ltr'>quae</span> <span class='ocrx_word' id='word_1_621' title='bbox 1362 2535 1399 2564; x_wconf 80' lang='lat' dir='ltr'>ad</span> <span class='ocrx_word' id='word_1_622' title='bbox 1437 2533 1591 2564; x_wconf 87' lang='lat' dir='ltr'>meliorem</span> 
     </span>
     <span class='ocr_line' id='line_1_107' title="bbox 903 2576 1594 2618; baseline -0.004 -9"><span class='ocrx_word' id='word_1_623' title='bbox 903 2581 1050 2618; x_wconf 88' lang='lat' dir='ltr'>cujusque</span> <span class='ocrx_word' id='word_1_624' title='bbox 1079 2578 1309 2617; x_wconf 76' lang='lat' dir='ltr'>intelligentiam</span> <span class='ocrx_word' id='word_1_625' title='bbox 1337 2578 1458 2607; x_wconf 75' lang='lat' dir='ltr'>faciant.</span> <span class='ocrx_word' id='word_1_626' title='bbox 1503 2576 1594 2617; x_wconf 66' lang='grc' dir='ltr'>(καί.)</span> 
     </span>
     <span class='ocr_line' id='line_1_108' title="bbox 905 2620 1593 2660; baseline -0.004 -8"><span class='ocrx_word' id='word_1_627' title='bbox 905 2623 1017 2657; x_wconf 87' lang='lat' dir='ltr'>Prima,</span> <span class='ocrx_word' id='word_1_628' title='bbox 1033 2632 1098 2660; x_wconf 83' lang='lat' dir='ltr'>quae</span> <span class='ocrx_word' id='word_1_629' title='bbox 1115 2621 1300 2656; x_wconf 77' lang='lat' dir='ltr'>ostendetur,</span> <span class='ocrx_word' id='word_1_630' title='bbox 1317 2620 1355 2650; x_wconf 90' lang='lat' dir='ltr'>de</span> <span class='ocrx_word' id='word_1_631' title='bbox 1377 2620 1493 2650; x_wconf 80' lang='lat' dir='ltr'>Graecis</span> <span class='ocrx_word' id='word_1_632' title='bbox 1515 2621 1593 2650; x_wconf 91' lang='lat' dir='ltr'>inter</span> 
     </span>
     <span class='ocr_line' id='line_1_109' title="bbox 905 2662 1593 2695; baseline -0.004 0"><span class='ocrx_word' id='word_1_633' title='bbox 905 2676 938 2695; x_wconf 88' lang='lat' dir='ltr'>se</span> <span class='ocrx_word' id='word_1_634' title='bbox 953 2664 1181 2695; x_wconf 88' lang='lat' dir='ltr'>reconciliandis</span> <span class='ocrx_word' id='word_1_635' title='bbox 1198 2668 1228 2693; x_wconf 78' lang='lat' dir='ltr'>et</span> <span class='ocrx_word' id='word_1_636' title='bbox 1243 2664 1281 2693; x_wconf 89' lang='lat' dir='ltr'>de</span> <span class='ocrx_word' id='word_1_637' title='bbox 1295 2663 1374 2693; x_wconf 86' lang='lat' dir='ltr'>bello</span> <span class='ocrx_word' id='word_1_638' title='bbox 1390 2662 1534 2693; x_wconf 85' lang='lat' dir='ltr'>Barbaris</span> <span class='ocrx_word' id='word_1_639' title='bbox 1549 2663 1593 2692; x_wconf 91' lang='lat' dir='ltr'>in-</span> 
     </span>
     <span class='ocr_line' id='line_1_110' title="bbox 905 2705 1594 2746; baseline -0.006 -8"><span class='ocrx_word' id='word_1_640' title='bbox 905 2708 1029 2738; x_wconf 79' lang='lat' dir='ltr'>serendo</span> <span class='ocrx_word' id='word_1_641' title='bbox 1050 2707 1163 2746; x_wconf 83' lang='lat' dir='ltr'>scripta</span> <span class='ocrx_word' id='word_1_642' title='bbox 1183 2712 1240 2741; x_wconf 90' lang='lat' dir='ltr'>est,</span> <span class='ocrx_word' id='word_1_643' title='bbox 1264 2717 1330 2736; x_wconf 89' lang='lat' dir='ltr'>curn</span> <span class='ocrx_word' id='word_1_644' title='bbox 1356 2705 1594 2736; x_wconf 73' lang='lat' dir='ltr'>Lacedaemoniis</span> 
     </span>
     <span class='ocr_line' id='line_1_111' title="bbox 906 2747 1594 2790; baseline -0.006 -10"><span class='ocrx_word' id='word_1_645' title='bbox 906 2751 944 2780; x_wconf 85' lang='lat' dir='ltr'>de</span> <span class='ocrx_word' id='word_1_646' title='bbox 969 2750 1137 2790; x_wconf 89' lang='lat' dir='ltr'>principatu</span> <span class='ocrx_word' id='word_1_647' title='bbox 1160 2749 1356 2785; x_wconf 84' lang='lat' dir='ltr'>contendens,</span> <span class='ocrx_word' id='word_1_648' title='bbox 1377 2754 1408 2778; x_wconf 80' lang='lat' dir='ltr'>et</span> <span class='ocrx_word' id='word_1_649' title='bbox 1429 2747 1594 2787; x_wconf 88' lang='lat' dir='ltr'>rempubli-</span> 
     </span>
     <span class='ocr_line' id='line_1_112' title="bbox 907 2791 1593 2823; baseline -0.007 0"><span class='ocrx_word' id='word_1_650' title='bbox 907 2804 970 2823; x_wconf 88' lang='lat' dir='ltr'>cam</span> <span class='ocrx_word' id='word_1_651' title='bbox 998 2799 1126 2823; x_wconf 82' lang='lat' dir='ltr'>nostram</span> <span class='ocrx_word' id='word_1_652' title='bbox 1147 2792 1279 2822; x_wconf 88' lang='lat' dir='ltr'>omnium</span> <span class='ocrx_word' id='word_1_653' title='bbox 1301 2793 1444 2822; x_wconf 91' lang='lat' dir='ltr'>bonorum</span> <span class='ocrx_word' id='word_1_654' title='bbox 1467 2791 1593 2820; x_wconf 78' lang='lat' dir='ltr'>Graeciae</span> 
     </span>
     <span class='ocr_line' id='line_1_113' title="bbox 907 2836 1593 2872; baseline -0.009 -6"><span class='ocrx_word' id='word_1_655' title='bbox 907 2846 1026 2866; x_wconf 75' lang='lat' dir='ltr'>causam</span> <span class='ocrx_word' id='word_1_656' title='bbox 1045 2837 1150 2872; x_wconf 77' lang='lat' dir='ltr'>fuisse,</span> <span class='ocrx_word' id='word_1_657' title='bbox 1165 2836 1384 2870; x_wconf 82' lang='lat' dir='ltr'>demonstrans,</span> <span class='ocrx_word' id='word_1_658' title='bbox 1404 2845 1461 2863; x_wconf 91' lang='lat' dir='ltr'>non</span> <span class='ocrx_word' id='word_1_659' title='bbox 1481 2838 1593 2862; x_wconf 85' lang='lat' dir='ltr'>tantum</span> 
     </span>
     <span class='ocr_line' id='line_1_114' title="bbox 908 2877 1595 2918; baseline -0.007 -10"><span class='ocrx_word' id='word_1_660' title='bbox 908 2879 935 2908; x_wconf 86' lang='lat' dir='ltr'>in</span> <span class='ocrx_word' id='word_1_661' title='bbox 954 2879 1044 2914; x_wconf 85' lang='lat' dir='ltr'>bello,</span> <span class='ocrx_word' id='word_1_662' title='bbox 1062 2889 1162 2908; x_wconf 86' lang='lat' dir='ltr'>verum</span> <span class='ocrx_word' id='word_1_663' title='bbox 1179 2879 1267 2908; x_wconf 80' lang='lat' dir='ltr'>etiam</span> <span class='ocrx_word' id='word_1_664' title='bbox 1285 2879 1315 2908; x_wconf 93' lang='lat' dir='ltr'>in</span> <span class='ocrx_word' id='word_1_665' title='bbox 1331 2887 1414 2918; x_wconf 80' lang='lat' dir='ltr'>pace.</span> <span class='ocrx_word' id='word_1_666' title='bbox 1461 2877 1506 2906; x_wconf 77' lang='lat' dir='ltr'>Ne</span> <span class='ocrx_word' id='word_1_667' title='bbox 1522 2884 1595 2904; x_wconf 70' lang='lat' dir='ltr'>vero</span> 
     </span>
    </p>
   </div>
   <div class='ocr_carea' id='block_1_8' title="bbox 179 2917 1596 2962">
    <p class='ocr_par' dir='ltr' id='par_1_10' title="bbox 179 2917 1596 2962">
     <span class='ocr_line' id='line_1_115' title="bbox 179 2917 1596 2962; baseline -0.004 -12"><span class='ocrx_word' id='word_1_668' title='bbox 179 2930 257 2959; x_wconf 79' lang='lat' dir='ltr'>gem,</span> <span class='ocrx_word' id='word_1_669' title='bbox 283 2921 354 2952; x_wconf 81' lang='lat' dir='ltr'>mihi</span> <span class='ocrx_word' id='word_1_670' title='bbox 382 2923 497 2952; x_wconf 82' lang='lat' dir='ltr'>idcirco</span> <span class='ocrx_word' id='word_1_671' title='bbox 528 2933 650 2953; x_wconf 88' lang='lat' dir='ltr'>munera</span> <span class='ocrx_word' id='word_1_672' title='bbox 678 2922 814 2957; x_wconf 85' lang='lat' dir='ltr'>dedisse,</span> <span class='ocrx_word' id='word_1_673' title='bbox 843 2927 876 2952; x_wconf 86' lang='lat' dir='ltr'>ut</span> <span class='ocrx_word' id='word_1_674' title='bbox 908 2932 1033 2962; x_wconf 77' lang='lat' dir='ltr'>prorsus</span> <span class='ocrx_word' id='word_1_675' title='bbox 1059 2922 1204 2957; x_wconf 78' lang='lat' dir='ltr'>deficiam,</span> <span class='ocrx_word' id='word_1_676' title='bbox 1227 2931 1316 2960; x_wconf 89' lang='lat' dir='ltr'>quum</span> <span class='ocrx_word' id='word_1_677' title='bbox 1338 2919 1410 2950; x_wconf 88' lang='lat' dir='ltr'>mihi</span> <span class='ocrx_word' id='word_1_678' title='bbox 1438 2919 1529 2947; x_wconf 87' lang='lat' dir='ltr'>multa</span> <span class='ocrx_word' id='word_1_679' title='bbox 1551 2917 1596 2946; x_wconf 88' lang='lat' dir='ltr'>di-</span> 
     </span>
    </p>
   </div>
   <div class='ocr_carea' id='block_1_9' title="bbox 177 2965 875 3049">
    <p class='ocr_par' dir='ltr' id='par_1_11' title="bbox 177 2965 875 3049">
     <span class='ocr_line' id='line_1_116' title="bbox 178 2965 875 3003; baseline 0.003 -11"><span class='ocrx_word' id='word_1_680' title='bbox 178 2973 284 2994; x_wconf 77' lang='lat' dir='ltr'>causau</span> <span class='ocrx_word' id='word_1_681' title='bbox 327 2974 415 3003; x_wconf 78' lang='lat' dir='ltr'>agere</span> <span class='ocrx_word' id='word_1_682' title='bbox 451 2966 600 2995; x_wconf 88' lang='lat' dir='ltr'>disceret?</span> <span class='ocrx_word' id='word_1_683' title='bbox 645 2965 875 2995; x_wconf 88' lang='lat' dir='ltr'>Causidicorum</span> 
     </span>
     <span class='ocr_line' id='line_1_117' title="bbox 177 3005 875 3049; baseline 0.003 -14"><span class='ocrx_word' id='word_1_684' title='bbox 177 3005 307 3045; x_wconf 79' lang='lat' dir='ltr'>denique</span> <span class='ocrx_word' id='word_1_685' title='bbox 328 3007 425 3038; x_wconf 75' lang='lat' dir='ltr'>nultus</span> <span class='ocrx_word' id='word_1_686' title='bbox 449 3012 508 3044; x_wconf 77' lang='lat' dir='ltr'>est,</span> <span class='ocrx_word' id='word_1_687' title='bbox 532 3009 618 3047; x_wconf 80' lang='lat' dir='ltr'>cujus</span> <span class='ocrx_word' id='word_1_688' title='bbox 641 3008 710 3038; x_wconf 85' lang='lat' dir='ltr'>fidei</span> <span class='ocrx_word' id='word_1_689' title='bbox 732 3007 875 3049; x_wconf 84' lang='lat' dir='ltr'>discipuli</span> 
     </span>
    </p>
   </div>
   <div class='ocr_carea' id='block_1_10' title="bbox 908 2961 1597 3049">
    <p class='ocr_par' dir='ltr' id='par_1_12' title="bbox 908 2961 1597 3049">
     <span class='ocr_line' id='line_1_118' title="bbox 908 2961 1596 3002; baseline -0.009 -7"><span class='ocrx_word' id='word_1_690' title='bbox 908 2965 1004 2995; x_wconf 81' lang='lat' dir='ltr'>ceuda</span> <span class='ocrx_word' id='word_1_691' title='bbox 1025 2970 1152 3000; x_wconf 84' lang='lat' dir='ltr'>restent,</span> <span class='ocrx_word' id='word_1_692' title='bbox 1168 2965 1245 2994; x_wconf 84' lang='lat' dir='ltr'>alius</span> <span class='ocrx_word' id='word_1_693' title='bbox 1260 2963 1377 2993; x_wconf 83' lang='lat' dir='ltr'>recitet.</span> <span class='ocrx_word' id='word_1_694' title='bbox 1421 2961 1466 3002; x_wconf 82' lang='lat' dir='ltr'>(E</span> <span class='ocrx_word' id='word_1_695' title='bbox 1485 2961 1596 2990; x_wconf 58' lang='lat' dir='ltr'>Pinu-</span> 
     </span>
     <span class='ocr_line' id='line_1_119' title="bbox 911 3005 1597 3049; baseline -0.012 -10"><span class='ocrx_word' id='word_1_696' title='bbox 911 3006 1069 3049; x_wconf 69' lang='lat' dir='ltr'>ovntco.)</span> <span class='ocrx_word' id='word_1_697' title='bbox 1093 3007 1135 3038; x_wconf 82' lang='lat' dir='ltr'>At</span> <span class='ocrx_word' id='word_1_698' title='bbox 1151 3017 1208 3037; x_wconf 90' lang='lat' dir='ltr'>non</span> <span class='ocrx_word' id='word_1_699' title='bbox 1222 3011 1334 3037; x_wconf 77' lang='lat' dir='ltr'>tantum</span> <span class='ocrx_word' id='word_1_700' title='bbox 1351 3005 1381 3034; x_wconf 89' lang='lat' dir='ltr'>in</span> <span class='ocrx_word' id='word_1_701' title='bbox 1396 3013 1481 3043; x_wconf 81' lang='lat' dir='ltr'>pace.</span> <span class='ocrx_word' id='word_1_702' title='bbox 1495 3013 1597 3033; x_wconf 84' lang='lat' dir='ltr'>verum</span> 
     </span>
    </p>
   </div>
  </div>
 </body>
</html>
