1914 3314
547 224 1190 271 ΑΡΕΟΠΑΓΙΤΙΚΟΣ.

1501 213 1607 268 365

287 340 553 435 ,Σημείοις
573 339 660 392 δ”
628 365 680 392 αν
701 365 768 400 τις
771 340 1011 432 χρήσαιτο
1037 361 1131 429 περι
1159 362 1241 389 των
1263 335 1365 390 τότε
1387 338 1618 390 καθεστω-

181 440 265 470 Των
285 439 363 468 καί
390 440 480 474 ΤΟις
507 439 545 468 ἓν
574 419 638 483 Τῷ
667 438 848 508 ‘n'oeeolll‘l'l
884 430 1167 505 γιγνομὲνθίς

1213 411 1277 463 ἐ’τι
1313 437 1402 480 ’γαρ
1438 436 1517 464 και
1552 436 1618 464 νυν

179 488 392 543 ἁπάντων
422 514 507 541 των
532 513 629 565 περι
651 488 728 550 τῆν
752 487 916 555 αἳρεσιν
941 510 1019 538 και
1048 485 1123 548 τὴν
1144 483 1460 555 δοκιμασιαν1
1473 509 1616 548 κατη-

180 565 427 634 μελημὲνων
459 561 614 633 ἶὸοιμεν
643 562 698 614 ἀν
732 586 830 621 τους
865 561 903 614 ἓν
931 585 1020 619 τοις
1058 558 1213 620 ἄλλοις
1244 558 1506 631 πράγμασιν
1542 584 1618 612 ουκ

181 638 391 698 οἷνεκτους
405 635 554 702 ὄντας,
571 634 804 689 ece-5130&
769 660 825 694 εις
839 633 1002 729 Ἀρειον
1019 635 1166 701 πάγον
1193 634 1474 697 οἷναζωσιν,
1454 637 1618 686 οκνοῧν-

184 735 267 771 τοις
307 713 364 783 τῇ
406 712 528 776 φύσει
562 712 766 787 χρῆσθαι
807 733 883 762 και
919 712 1097 780 μᾶλλον
1127 718 1216 767 τοῖς
1252 707 1345 761 ἐκεῖ
1367 707 1621 779 νομίμοις-η

1593 708 1621 769 ἢ

664 818 673 836 ¹
697 815 801 846 ταύτην
815 813 976 853 καθημένων
990 816 1028 844 Α.
1045 814 1079 844 C.
1098 816 1132 845 L.

185 891 282 922 εἰκόνα.
323 891 464 921 Addatur
474 891 660 921 Themistius
670 892 723 921 Or.
735 891 885 929 quomodo

186 934 375 972 Philosopho
387 934 549 963 dicendum
563 933 603 963 sit
615 943 646 972 p.
659 935 710 963 46.
736 933 884 971 Xenoph-

186 977 282 1006 Mem.
304 977 367 1006 111.
398 977 428 1006 5.
457 978 508 1005 20.
538 980 569 1004 et
602 975 726 1014 egregia
752 974 886 1004 laudatio

185 1018 342 1057 Areopagi
374 1028 422 1057 ap.
453 1018 612 1047 Demosth.
638 1018 707 1047 adv.
733 1017 884 1047 Aristocr-

188 1061 215 1100 ξ.
231 1059 272 1090 ιε’.
298 1061 378 1096 Atia,
392 1060 548 1099 dequibus
565 1059 757 1090 Meursiusin
769 1060 886 1099 Areop-

186 1103 222 1133 G.
238 1103 296 1133 Iv.
340 1104 433 1133 Plura
445 1103 483 1132 de
499 1113 571 1133 cura
581 1103 748 1132 honestatis
763 1102 792 1132 ei
805 1112 883 1132 man-

186 1146 258 1175 data
274 1146 335 1176 vid.
351 1147 387 1176 ad
405 1146 431 1185 ᾗ.
447 1144 490 1176 ιη’.
512 1147 618 1175 IDEM.

229 1187 376 1219 Ἁπάντων
389 1191 444 1218 τῶν
459 1187 519 1229 περὶ
537 1190 585 1218 τὴν
598 1188 701 1229 αἵρεσιν
720 1187 768 1218 καὶ
782 1188 829 1218 τὴν
846 1187 888 1216 δο-

188 1230 327 1271 κιμασίαν
341 1230 445 1262 ταύτην
465 1230 644 1271 καθημένων]
662 1233 763 1261 Locus
780 1231 889 1260 obscu-

187 1274 260 1310 rior,
272 1275 310 1304 de
320 1285 378 1314 quo
391 1275 437 1304 sic
452 1274 607 1304 wolfius:
631 1276 638 1290 ‘
655 1274 720 1310 Eos,
732 1275 781 1314 qui
795 1273 891 1303 sedent

188 1317 268 1347 circa
281 1318 423 1348 delectum
434 1321 463 1347 et
473 1317 669 1356 probationem
684 1317 766 1348 hunc.
790 1317 890 1346 Verba

189 1360 363 1399 suspicione
391 1360 494 1390 mendi
522 1370 581 1389 nou
613 1366 730 1396 vacant,
761 1361 892 1389 obscura

189 1408 273 1433 certe
289 1407 368 1433 sunt.
397 1405 475 1432 Puto
491 1407 589 1433 tamen
606 1413 671 1432 eam
687 1413 755 1433 esse
770 1406 891 1432 senten-

189 1446 274 1481 tiam,
286 1451 318 1475 ut
333 1445 539 1484 intelligantur
554 1446 705 1485 designati
721 1453 751 1475 et
766 1445 890 1481 delecti,

190 1498 243 1518 seu
253 1489 361 1518 adsciti
371 1488 400 1518 in
408 1489 548 1518 Senatum
558 1488 713 1527 Areopagi
719 1489 889 1527 ticum‚qui,

191 1531 251 1560 etsi
267 1531 341 1561 alias
354 1530 495 1570 improbi,
511 1535 608 1560 tamen
630 1542 667 1560 eo
686 1531 716 1560 in
737 1532 804 1560 loco
825 1542 890 1561 mu-

191 1584 264 1603 nere
279 1574 454 1613 funguntur,
467 1578 498 1603 et
509 1574 594 1612 qnasi
605 1572 806 1612 παλιγγενεσία
817 1584 890 1613 qua-

192 1617 261 1646 dam
276 1617 437 1652 immutati,
454 1617 633 1657 gravitatem
653 1623 684 1647 et
698 1617 889 1647 sanctitatem

191 1660 340 1698 quandam
356 1670 420 1699 prae
435 1670 468 1689 se
483 1660 560 1689 ferre
575 1659 735 1699 incipiunt.
788 1660 819 1689 Si
835 1662 890 1690 τῶν

192 1700 358 1741 καθειμένων
373 1701 419 1732 ἐπὶ
434 1703 482 1732 τῗιν
496 1701 608 1741 αἶ’ς.καῖ
623 1715 653 1732 τ.
668 1702 724 1732 δοκ.
738 1716 767 1733 τ.
781 1704 830 1742 qui
841 1704 888 1732 de-

191 1746 266 1774 missi
274 1753 345 1774 sunt
353 1746 392 1774 ad
402 1744 478 1774 hanc
487 1745 650 1775 electionem
662 1752 688 1775 et
698 1747 888 1784 probationem

192 1786 320 1826 legatur,
349 1787 591 1826 intelligerentur
613 1789 635 1817 οἱ
659 1788 818 1828 aegaeam:
841 1789 888 1817 καὶ

192 1828 411 1869 δοκιμασθέντες
419 1829 632 1870 Ἀςειοπαγῖται
644 1830 710 1861 εἶναι
722 1831 735 1862 ἢ
748 1832 786 1865 εἷς
793 1829 891 1870 Ἀρειον

193 1873 282 1911 πάγον
298 1873 442 1910 ἀναβῆναι,
461 1873 612 1912 designati
631 1879 662 1903 et
682 1875 776 1904 creati
791 1874 889 1904 Areo-

192 1915 325 1954 pagitae.'
348 1916 398 1946 De
418 1926 477 1956 qua
501 1918 674 1955 conjectura
692 1917 734 1947 ita
753 1917 892 1956 disputat

194 1959 325 1988 Coraes:
349 1963 358 1976 ‘
370 1959 422 1988 Καὶ
434 1962 526 1993 καλῶς
540 1959 572 1989 ἂν
593 1959 669 2000 εῖχεν
683 1959 755 1989 οὕτω
769 1961 893 1999 γράφειν,

195 2001 218 2030 εἷ
233 2001 281 2030 καὶ
301 2001 363 2030 ἀντὶ
385 2004 436 2035 τῆς
459 2003 522 2041 Πεξὶ
537 2003 550 2031 ἦ
568 2000 631 2032 Ἐπὶ
655 2003 894 2042 παρελαμβάνετο

195 2042 330 2083 πρόθεσις·
352 2043 383 2074 i'v'
405 2057 444 2080 ην,
465 2049 521 2075 τῶν
541 2043 719 2075 καθιέντων
711 2058 824 2097 εαυτρυς
847 2045 895 2076 ἐπὶ

194 2087 244 2116 τὴν
257 2085 370 2127 αιξεσιν,
384 2085 531 2123 τουτέστι,
542 2091 596 2117 τῶν
612 2088 837 2129 προσερχομένων
847 2087 895 2118 ἐπι

195 2128 230 2158 τὸ
245 2129 451 2169 δοκιμασθῆναι
467 2141 514 2159 και
506 2130 679 2170 αἱςεθῆναι’
681 2131 895 2172 Αξειοπαγίτας,

196 2171 211 2202 ἢ
226 2174 280 2202 τῶν
289 2171 435 2211 ἐφιεμένων
446 2175 594 2212 τῆς-τιμῆς
603 2173 721 2208 ταύτης
725 2174 894 2214 ’Langius:

194 2215 206 2233 ⁴
216 2215 326 2245 Verto·
348 2215 480 2257 (inquit)
494 2217 633 2256 quamdiu
647 2219 851 2248 examinantur
867 2223 895 2248 et

191 2257 349 2298 eligantur
370 2269 423 2288 seu
446 2268 490 2289 cn
490 2269 524 2289 ca
545 2270 661 2290 eramen
680 2266 708 2290 et
731 2261 895 2291 electionem

193 2306 359 2336 versantur,
383 2302 432 2331 cui
463 2301 635 2341 oppositum
666 2308 714 2333 est
742 2303 892 2340 ἀναβῶσιν,

192 2344 278 2374 electi
290 2344 596 2384 sunt.1t1etaphora
611 2351 657 2375 est
669 2357 686 2376 a
699 2346 778 2376 colle
788 2348 892 2388 petita,

195 2387 275 2417 unde
291 2387 451 2426 collegium
463 2386 539 2417 illud
555 2398 662 2418 nomen
677 2389 784 2425 traxit,
803 2400 892 2430 quem

196 2430 388 2470 quinondum
397 2430 647 2464 adscenderuntfi
639 2442 660 2462 1.
669 2443 696 2461 e.
711 2433 739 2462 in
750 2433 892 2463 Senatum

195 2473 444 2511 Areopagiticum
460 2473 591 2503 noudum
606 2475 722 2514 recepti
745 2480 825 2512 sunt,
841 2486 893 2505 vo-

195 2521 302 2546 cantur
314 2515 467 2555 καθήμενοι
482 2515 595 2555 (veluti
611 2517 691 2547 circa
707 2519 794 2548 collis
813 2519 893 2548 radi-

195 2569 248 2589 ees
275 2558 441 2597 sedentes).
466 2559 525 2598 πεξὶ
553 2561 602 2589 τὴν
629 2559 797 2599 δοκιμασίαν
822 2566 894 2598 etc„

195 2601 312 2640 recepti
335 2611 406 2631 vero
427 2600 590 2636 ἀναβάντες.
634 2603 716 2632 Hinc
736 2614 894 2643 perperam

196 2645 333 2675 vertitur·
351 2643 496 2684 καθήμενοι
509 2655 516 2673 :
550 2645 696 2685 designati
725 2652 753 2676 et
781 2648 895 2677 delecti.

196 2687 316 2726 Anger.
336 2687 412 2716 falso
429 2687 565 2726 explicat
585 2688 699 2728 αἶ’ξεσις,
714 2690 793 2725 ordo,
814 2691 897 2720 colle-

195 2731 290 2770 gium,
305 2728 470 2770 δοκιμασία,
485 2731 615 2761 tribunal
635 2731 709 2771 quod
721 2733 756 2762 de
773 2733 898 2762 moribus

188 2773 324 2811 judicat.
327 2771 335 2785 ’
379 2773 512 2803 Orellius
530 2774 567 2803 ad
584 2774 670 2804 Orat.
692 2774 752 2815 περὶ
767 2777 817 2810 τῆς
833 2777 896 2805 ἀντ.

199 2815 297 2845 obiter
311 2820 412 2846 monet
426 2826 483 2846 una
494 2817 596 2846 addita
608 2817 723 2856 syllaba
735 2818 898 2848 restituen-

201 2857 272 2887 dum
289 2868 358 2888 esse
371 2858 577 2900 καθῃρημένων.
591 2877 632 2883 -
649 2860 726 2890 Haeo
742 2861 808 2890 Viri
833 2862 897 2891 Do—

202 2899 266 2928 cti:
287 2901 439 2939 optionem
449 2903 548 2942 perito
561 2903 680 2933 Lectori
693 2903 899 2943 relinquimus.

205 2941 303 2972 Nobis
329 2948 425 2974 tamen
461 2945 603 2975 hactenus
633 2956 811 2984 persuasum
841 2952 898 2982 ent,

201 2983 270 3013 {iaec
285 2986 376 3016 verba
387 2987 467 3017 haud
482 2987 672 3018 incommode
688 2989 766 3019 verti
787 3000 898 3028 posse·

200 3035 312 3062 aarum,
323 3030 373 3067 qai
381 3031 461 3060 circa
471 3030 655 3062 electionem
642 3033 775 3072 1³·tetplov
775 3034 898 3063 ationem

919 889 996 919 hanc
1012 895 1175 926 versantur,
1191 895 1279 930 atque
1302 891 1432 930 intelligi
1447 901 1498 927 eos,
1519 893 1568 931 qui
1582 893 1621 922 ad

917 942 1026 961 munus
1039 933 1281 973 Areopagitarum
1301 935 1464 972 adspirant,
1481 935 1531 973 qui
1546 934 1622 964 illud

917 973 1060 1009 ambiunt,
1075 983 1159 1013 eoque
1180 975 1298 1005 consilio
1319 977 1447 1014 primum
1468 977 1621 1016 eliguntur

917 1021 944 1045 et
968 1016 1166 1054 explorantur.
1233 1018 1410 1056 Quanquam
1447 1018 1620 1058 exemplum

919 1058 1028 1088 similis
1042 1059 1276 1090 constructionis
1291 1060 1377 1090 verbi
1391 1059 1538 1092 καθῆσθαι
1555 1072 1621 1092 cum

918 1101 1138 1141 praepositione
1161 1102 1241 1142 «περὶ,
1265 1107 1409 1142 sequente
1425 1104 1621 1140 Accusafivo,

919 1155 1000 1174 nunc
1019 1155 1077 1174 non
1094 1146 1261 1182 succurat,-
1287 1151 1406 1176 constat
1421 1147 1622 1186 Areopagitas

920 1197 980 1216 non
1002 1188 1151 1217 admissos
1171 1188 1263 1218 fuisse
1285 1189 1342 1218 nisi
1365 1191 1556 1228 praecedente
1575 1200 1621 1220 ez-

918 1230 1090 1269 ploratione,
1107 1231 1283 1269 probatione,
1295 1232 1360 1261 sive
1373 1232 1537 1272 δοκιμασία,
1550 1243 1623 1271 qua-

921 1273 960 1302 lis
977 1274 1006 1302 iu
1023 1274 1160 1304 omnibus
1176 1275 1400 1314 magistratibus
1416 1276 1516 1304 locum
1532 1277 1621 1305 habe-

922 1316 985 1352 bat,
1003 1322 1036 1346 ut
1051 1327 1142 1356 supra
1157 1317 1298 1347 vidimus.
1338 1316 1375 1348 H
1388 1316 1413 1347 ἐν
1427 1317 1520 1357 Ἀξειῳ
1536 1319 1621 1358 παγῳ

924 1357 1020 1396 Βουλῆ,
1034 1360 1133 1399 inquit
1148 1361 1290 1390 Socrates
1306 1371 1355 1399 ap.
1371 1361 1516 1401 Xenopli.
1529 1363 1622 1392 Mem.

924 1402 988 1432 ΙΙΙ.
1004 1405 1036 1433 5.
1051 1406 1102 1433 20.
1118 1401 1149 1432 ἐκ
1160 1406 1214 1432 τῶν
1225 1403 1468 1442 δεδοκιμασμένων
1481 1402 1621 1434 καθί·τα·

923 1456 981 1474 ται.
1025 1447 1100 1483 Quae
1115 1445 1268 1485 δοκιμασία
1287 1448 1375 1486 cujus
1395 1447 1513 1486 generis
1529 1455 1622 1485 esset,

923 1487 1028 1525 colligi
1043 1493 1145 1527 potest
1161 1499 1199 1518 ex
1216 1490 1324 1529 insigni
1338 1490 1494 1519 Plutarchi
1509 1491 1577 1520 loco
1592 1491 1622 1521 in

923 1530 1043 1560 Pericle
1068 1542 1099 1569 p.
1128 1533 1198 1562 157.
1220 1532 1260 1562 A.
1294 1533 1452 1562 referentis
1475 1533 1624 1564 Periclem

921 1572 1076 1612 Areopagi
1103 1583 1160 1603 non
1183 1576 1276 1605 fuisse
1303 1576 1498 1615 participem,
1519 1577 1565 1606 διιὶ
1591 1577 1624 1606 τὸ

920 1615 994 1653 μῆν’
1013 1616 1119 1657 ἅρχων,
1139 1617 1215 1655 μήτε
1238 1616 1420 1656 θεσμοθέτης,
1439 1619 1516 1657 μήτε
1539 1620 1625 1653 βασι-

921 1659 995 1695 λεὺς,
1005 1659 1081 1698 μήτε
1098 1659 1281 1701 πολέμαρχος
1297 1662 1409 1701 λαχεῖν.
1423 1658 1510 1691 αἷται
1526 1664 1579 1702 γᾶς
1594 1664 1624 1692 αἱ

921 1702 1019 1743 ἀρχαὶ,
1034 1702 1130 1738 addit,
1150 1702 1291 1741 κληρωταί
1304 1714 1338 1732 τε
1358 1702 1427 1733 ἦσαν
1443 1702 1474 1733 ἐκ
1489 1707 1626 1742 παλαιοῦ,

921 1746 968 1774 καὶ
991 1744 1027 1774 δι’
1040 1746 1132 1775 αὐτῶν
1148 1746 1169 1774 οἱ
1192 1744 1416 1785 δοκιμασθέντες
1431 1746 1566 1779 ἀνέβαινον
1587 1749 1626 1782 εἷς

917 1786 1022 1826 Ἀςειον
1038 1790 1138 1826 πάγον.
1183 1789 1228 1818 Cf.
1244 1789 1324 1818 idem
1346 1789 1374 1818 in
1391 1789 1455 1819 Sol.
1470 1800 1500 1828 p.
1521 1793 1571 1821 88.
1584 1792 1625 1821 D.

923 1831 1020 1860 Nemo
1031 1841 1115 1869 ergo,
1124 1831 1183 1860 nisi
1197 1831 1247 1870 qni
1259 1832 1316 1861 ista
1327 1841 1449 1862 munera
1458 1843 1525 1862 cum
1538 1834 1626 1864 laude

925 1879 1072 1914 gesserat,
1089 1875 1170 1913 quod
1181 1879 1214 1903 ut
1224 1879 1379 1904 constaret
1394 1876 1533 1905 examine
1549 1887 1626 1916 opus

926 1920 1003 1952 erat,
1018 1917 1252 1946 admittebatur:
1277 1928 1335 1956 qno
1355 1918 1423 1956 ipso
1437 1919 1628 1950 illustrantur

926 1969 993 1998 quae
1009 1960 1098 1989 modo
1112 1964 1181 1989 aute
1197 1960 1319 1998 scripsit
1334 1961 1501 2000 Isocrates,
1517 1963 1628 1993 nemini

926 2003 955 2031 iu
972 2012 1038 2032 eum
1053 2003 1194 2032 Senatum
1212 2003 1331 2033 admitti
1346 2003 1467 2033 licuisse
1485 2008 1542 2033 πλῐ·
1530 2017 1556 2035 ην
1570 2007 1629 2039 τοῖς

927 2063 968 2067 --
983 2047 1088 2076 πολλνν
1108 2047 1206 2085 αοετήν
1222 2057 1268 2075 και
1292 2053 1383 2086 σωφρ
1375 2047 1464 2076 com
1483 2046 1507 2076 ἐν
1520 2047 1564 2086 ‘reis'
1577 2048 1628 2080 filas

927 2086 1142 2128 ἐνδεδειγμένοις,
1165 2099 1289 2128 quarum
1306 2089 1451 2119 virtutum
1468 2082 1628 2121 ostenden-

927 2131 1033 2161 darum
1046 2133 1271 2171 opportunitate
1287 2133 1462 2162 fruebantur
1472 2143 1527 2171 per
1542 2144 1628 2164 omne

926 2174 1005 2204 illud
1022 2179 1151 2214 tempus,
1168 2185 1227 2213 quo
1243 2175 1403 2205 Archontis
1419 2186 1540 2206 munere
1561 2179 1628 2207 sun-

928 2218 1084 2256 gebantur.
1131 2220 1237 2253 Porro,
1252 2228 1317 2257 quae
1342 2218 1388 2247 liis
1404 2230 1420 2248 e
1435 2219 1556 2258 regione
1573 2231 1628 2259 op-

926 2261 1025 2299 posita
1050 2261 1143 2290 verba
1161 2265 1335 2299 sequuntur,
1351 2259 1460 2291 ἐπειδὰν
1477 2262 1514 2295 εἷς
1528 2260 1630 2303 Ἀρειον

927 2303 1024 2340 σάγον
1038 2303 1187 2339 ἀναβῶσιν,
1199 2308 1282 2334 recte
1290 2308 1466 2334 vertuntur:
1480 2311 1628 2345 postquam

927 2346 959 2375 in
981 2346 1125 2386 Areopagi
1149 2347 1288 2376 Senatum
1319 2349 1453 2386 cooptati,
1483 2348 1630 2379 Senatores

927 2387 1131 2429 lectijueriizt,
1148 2400 1207 2428 quo
1223 2399 1314 2419 sensu
1330 2389 1460 2420 formula
1478 2390 1629 2424 ἀναβαίνειν

928 2431 965 2465 εἷς
976 2431 1078 2471 Ἀρειον
1098 2433 1198 2469 πάγον,
1220 2437 1331 2471 praeter
1347 2432 1541 2463 Plutarchum
1562 2435 1628 2464 loco

926 2475 1017 2504 modo
1038 2475 1170 2510 laudato,
1193 2486 1266 2505 usus
1281 2481 1326 2505 est
1346 2476 1414 2515 ipse
1430 2477 1583 2507 Isocrates
1598 2478 1629 2507 in

929 2518 1055 2547 Panatb.
1077 2528 1108 2557 p.
1129 2520 1202 2549 965.
1219 2518 1258 2548 Β.
1279 2519 1468 2558 metaphora,
1493 2524 1526 2550 ut
1546 2526 1629 2551 recte

930 2561 1064 2599 bangius
1090 2566 1202 2596 monet,
1227 2572 1244 2591 a
1269 2562 1348 2591 colle
1378 2563 1487 2600 petita,
1515 2563 1628 2602 quippe

929 2603 1018 2632 situm
1051 2608 1115 2633 erat
1139 2603 1295 2643 Areopagi
1329 2605 1459 2635 tribunal
1489 2605 1520 2635 iu
1550 2607 1628 2636 colle

930 2646 1052 2682 Martis,
1064 2646 1167 2686 Ἀςειος
1188 2647 1280 2684 πάγος
1297 2647 1391 2684 dicto,
1407 2648 1437 2677 in
1455 2659 1544 2688 quem
1561 2660 1628 2688 gra-

929 2689 1020 2718 dibus
1030 2689 1281 2725 adscendebatur,
1290 2701 1366 2730 quos
1379 2691 1530 2731 hodieque
1539 2693 1629 2722 etiam

931 2732 1113 2771 conspicuos
1143 2743 1211 2763 esse
1234 2744 1250 2763 e
1275 2734 1440 2764 Cbandleri
1467 2736 1628 2765 Itiuerario

931 2776 966 2805 Τ.
990 2775 1039 2805 11.
1061 2785 1091 2814 p.
1107 2777 1180 2806 43⁶2.
1205 2777 1264 2806 Ed.
1287 2777 1366 2806 Gall.
1387 2778 1479 2807 refert
1505 2778 1628 2808 Coraes.

932 2818 1014 2848 Hinc
1037 2817 1217 2859 Areopagus
1239 2818 1308 2849 κατ’
1326 2818 1423 2860 ἐξοχὴν
1439 2821 1596 2850 dicebatur
1615 2821 1628 2849 ἦ

931 2861 986 2890 ανω
1001 2860 1094 2892 ἔουλῆ.
1117 2862 1189 2892 Vid.
1205 2862 1361 2893 Meursius
1374 2865 1411 2893 C.
1428 2863 1453 2893 Ι.
1471 2863 1498 2891 in
1513 2863 1534 2892 f.
1548 2868 1577 2892 ct
1592 2863 1628 2891 C.

932 2905 988 2933 vl.
1003 2904 1144 2934 Valesius
1169 2906 1206 2935 ad
1229 2907 1380 2945 Harpocr.
1402 2916 1433 2944 p.
1450 2907 1500 2935 68.
1524 2906 1630 2934 Gram-

931 2947 1058 2977 maticus
1075 2947 1210 2978 Bekkeri
1228 2948 1266 2977 V.
1284 2948 1310 2978 1.
1328 2959 1357 2986 p.
1373 2950 1446 2978 ⁶253.
1471 2949 1574 2977 lnam.

973 2989 1018 3031 Τῇ
1031 2990 1113 3030 φύσει
1127 2990 1274 3032 χρῆσθαι]
1290 2996 1400 3021 natura
1418 2991 1472 3025 uti,
1489 2991 1516 3019 h.
1533 3000 1561 3019 e.
1576 3001 1630 3020 πα-

931 3038 1006 3064 turae
1019 3035 1193 3072 pravitatem
1206 3035 1295 3073 sequi,
1310 3034 1387 3064 idern
1404 3033 1485 3071 quod
1500 3043 1570 3063 mox
1586 3033 1632 3063 di-
