1924 3314
276 186 330 225 50
719 178 776 220 Η.
810 174 1106 218 STEPHANI
1139 174 1267 215 ETC.

278 299 508 337 mentionem
537 297 665 335 faciat.
722 296 917 334 Caeterum
947 307 1040 332 unus
1061 306 1107 330 ex
1136 292 1208 329 illis
1237 292 1418 328 Isocratis
1447 288 1544 327 loeis
1571 293 1630 324 est
1649 286 1711 324 hic

280 364 312 406 ξ.
331 358 374 397 ν’.
396 359 475 396 ὅσοι
494 365 564 395 τῶν
584 360 649 399 τὰς
669 355 839 407 δυνάμεις
857 356 1019 406 ἑχόντων
1037 357 1083 391 τὰ
1101 360 1172 390 τῶν
1191 353 1463 401 ξενιτευομένων
1485 347 1713 399 στρατόπεδα

279 418 516 469 μισθοῦνται.

333 478 512 516 ΟΣΙΟΝ.
538 477 736 530 “Υπερίδης
758 477 797 513 ἐν
821 478 872 526 τῷ
890 475 980 525 πρὸς
998 473 1303 523 Ἀριστογείτονα
1323 473 1423 520 φησί·
1444 469 1521 506 Καὶ
1545 471 1591 506 τά
1619 469 1714 518 χρή-

283 555 382 591 ματα
403 538 449 577 τά
470 556 506 577 τε
526 541 602 589 ἱερὰ
622 541 679 576 καὶ
697 541 743 575 τά
763 536 860 574 ὅσια.
882 535 958 578 ὅ,τε
975 533 1502 582 ἸσοκράτηςἈρεοπα-γιτικῷ·
1539 530 1614 566 Καὶ
1640 532 1716 571 τοῖς

286 600 394 651 ἱεροῖς
410 601 466 636 καὶ
485 605 558 641 τοῖς
578 599 706 640 ὁσίοις.
727 598 819 633 ’Ὀτι
838 595 876 631 δὲ
895 598 942 632 τά
960 594 1044 631 ὅσια
1062 597 1108 631 τοὶ
1123 593 1278 643 δημόσια
1295 591 1398 637 δηλοῖ
1418 589 1659 640 Δημοσθένης
1673 588 1716 626 ἐν

286 661 334 708 τῷ
352 661 444 695 κατά
461 658 710 708 Τιμοκράτους
731 661 855 705 σαφῶς
876 653 1046 690 διδάσκει.
1077 653 1388 690 HARPOCRAT.

338 717 518 754 ΟΣΙΟΝ.
556 715 775 766 Hyperides
806 715 980 751 oratione
1010 712 1063 751 od
1090 712 1405 763 Aristogitonem
1436 710 1549 756 dicit,
1579 712 1638 748 καὶ
1669 713 1716 748 τά

285 780 454 829 χρήματα
473 777 519 815 τά
538 793 573 814 τε
593 778 667 827 ἱεροὶ
686 778 743 813 καὶ
763 779 808 813 τά
829 775 926 813 ὅσια.
983 774 1088 818 Quin
1108 775 1222 811 etiam
1242 773 1429 811 Isocrates
1455 773 1498 808 in
1517 771 1717 821 Areopag.

285 841 344 876 καὶ
367 843 445 880 τοῖς
475 839 584 886 ἱεροῖς
609 839 666 873 καὶ
691 841 770 878 τοῖς
796 837 924 878 ὁσίοις.
982 832 1215 885 Signfficare
1243 838 1367 871 autem
1392 833 1477 871 ὅσια
1502 833 1599 870 idem
1617 831 1722 882 quod

286 899 453 948 δημόσια,
472 902 601 946 aperte
619 897 723 935 docet
744 895 1019 934 Demosthenes
1038 894 1218 932 adversus
1240 894 1500 932 Timocratem,
1539 893 1610 929 His
1630 893 1720 930 sub-

281 959 409 1008 jungit
430 958 554 994 locum
570 957 673 994 illuni
698 956 990 993 Demosthenis:
1011 962 1123 1004 atque
1144 954 1199 991 ilii
1218 954 1338 1000 addit,
1358 967 1404 991 ex
1425 953 1717 1002 Didyin,duo-

288 1019 355 1056 bus
375 1017 518 1054 dictum
539 1017 653 1054 fuisse
675 1016 794 1053 modis
820 1016 860 1053 τὸ
881 1014 998 1060 ὅσιον,
1018 1023 1056 1052 et
1076 1014 1178 1065 quod
1201 1020 1299 1052 esset
1319 1014 1426 1064 ἱερὸν,
1447 1021 1484 1049 et
1502 1014 1604 1063 quod
1626 1012 1720 1049 ἲδιω.

287 1080 399 1117 τικόν.
454 1078 529 1115 Ubi
556 1078 639 1114 haec
659 1090 732 1114 vox
758 1077 934 1114 ἰδιωτικὸν
957 1089 1031 1113 non
1059 1076 1248 1112 immerito
1274 1073 1404 1111 futura
1428 1086 1510 1111 esse
1538 1078 1719 1122 suspecta

287 1141 445 1184 videtur,
475 1140 620 1177 etiamsi
650 1139 781 1176 eadem
811 1138 914 1188 apud
944 1137 1099 1175 Suidam
1130 1137 1243 1174 lectio
1271 1141 1407 1174 exstet.
1463 1136 1651 1173 Caeterum
1681 1141 1720 1172 et

287 1200 450 1250 vulgaris
466 1200 626 1237 nominis
646 1199 748 1237 ὅσιον
767 1212 856 1236 usus
876 1198 1092 1248 exemplum
1114 1197 1297 1234 habemus
1319 1195 1423 1245 apud
1443 1205 1613 1233 nostrum
1634 1196 1718 1232 Iso-

287 1268 443 1305 cratem,
465 1274 548 1298 cum
570 1260 675 1306 alibi,
697 1267 778 1296 tum
799 1259 962 1295 Panath.
984 1262 1014 1306 ξ.
1037 1258 1088 1295 ιε’.

337 1321 648 1365 ΠΑΡΡΗΣΙΑΣ,
663 1322 746 1357 α’ντὶ
764 1324 826 1357 τοῦ
843 1318 1089 1370 βλασφημίας
1107 1320 1166 1356 καὶ
1182 1318 1381 1369 λοιδορίας.
1409 1317 1621 1367 Ἰσοκράτης
1632 1316 1722 1354 Bov-

290 1382 409 1432 σίριδι.
440 1383 747 1420 HARPocRA'r.

339 1442 656 1488 ΠΑΡΡΗΣΙΑΣ,
701 1440 745 1478 id
785 1447 852 1485 est,
888 1439 1164 1478 maledicentiae
1195 1444 1234 1476 et
1266 1439 1570 1477 convitiationis.
1602 1438 1718 1475 Isocr.

293 1503 484 1541 Busiride.
513 1503 595 1540 Nisi
615 1502 699 1552 quis
719 1502 818 1538 malit
834 1500 1121 1539 maledictorum
1140 1505 1176 1537 et
1196 1501 1449 1538 convitiorum
1466 1513 1479 1536 .-
1505 1498 1607 1548 quod
1625 1498 1720 1535 illud

287 1565 439 1601 verbale
459 1564 698 1607 convitiale'o,
720 1564 1007 1611 praesertimque
1028 1560 1113 1609 ejus
1132 1561 1334 1610 genitivus,
1355 1559 1502 1607 aliqmd
1523 1559 1722 1596 duriuscu—

286 1624 363 1661 lum
386 1625 537 1661 habeat.
570 1625 694 1660 Locus
712 1630 768 1659 est
783 1626 814 1668 ξ.
835 1619 892 1658 ις’.
909 1629 972 1665 τῆς
992 1621 1019 1658 δ’
1034 1625 1086 1664 εἰς
1100 1624 1182 1664 τοὺς
1195 1621 1299 1664 θεοὺς
1319 1622 1524 1671 παῤῥησίας
1539 1620 1720 1671 ὀλιγωρή-

286 1700 411 1734 σομεν.
440 1684 528 1720 Non
545 1685 734 1719 assentior
752 1689 879 1719 autem
895 1682 1190 1730 Harpocrationi
1208 1683 1256 1719 de
1275 1683 1347 1718 hac
1364 1681 1627 1730 expositione:
1652 1680 1720 1718 sed

285 1744 412 1780 malim
445 1742 669 1792 simpliciter
701 1755 891 1791 exponere
908 1755 917 1779 ε
946 1743 1078 1779 m'mioe
1106 1743 1148 1778 in
1181 1740 1268 1778 deos
1300 1741 1480 1791 loquendi
1511 1741 1714 1779 libertatis.

285 1803 403 1846 Quod
423 1803 453 1840 si
471 1802 666 1839 licentiam
684 1802 861 1852 loquendi
875 1801 1063 1846 dicamus,
1081 1801 1275 1850 adjectivo
1291 1802 1356 1838 ἰΙΙο
1377 1815 1451 1839 non
1470 1803 1600 1840 itidem
1622 1814 1720 1852 opus

284 1863 413 1901 suerit.
468 1861 635 1899 Perinde
656 1874 701 1899 ac
723 1862 753 1899 si
773 1861 941 1899 diceret:
971 1862 1106 1900 Tantae
1132 1862 1314 1913 loquendi
1334 1862 1497 1902 licentiae
1515 1870 1556 1901 ut
1577 1863 1626 1901 ad
1647 1874 1723 1900 ma-

285 1923 427 1962 ledicta
445 1935 562 1974 usque
575 1935 622 1960 ac
641 1922 808 1961 convitia
826 1927 1018 1972 erumpat.
