1924 3314
514 211 579 253 IN
612 208 963 252 ISOCRATEM
992 207 1319 249 DIATRIBAE.
1579 205 1644 248 -39

253 322 509 360 ΑΠΙΣΤΕΙΝ
533 335 609 372 pro
635 322 819 368 ἀπειθεῖν,
840 321 1050 372 Antiphon
1076 320 1259 360 adversus
1277 318 1538 372 Laespodiam,
1565 320 1644 359 Isa-

199 388 321 421 crates
351 384 393 421 in
421 396 497 422 sua
525 385 579 423 ad
608 383 844 434 Philippum
873 383 1050 433 epistola.
1120 382 1434 420 Addit-vemet
1466 383 1646 420 ἀπιοτέαν

188 443 336 481 >eodem
362 445 479 481 modo
506 458 574 494 pro
597 444 793 482 ἀπείθειαν
817 444 959 482 dixisse
982 443 1298 488 Demosthenem,
1320 449 1359 481 et
1374 443 1476 481 ‘alios
1501 443 1646 493 pler-os-

201 518 289 554 que.
347 506 407 543 Ita
436 507 589 556 quidem
622 506 930 556 Harpocration:
964 505 1030 543 sed
1060 503 1294 554 exemplaria
1323 510 1366 541 ut
1396 517 1467 543 nec
1493 505 1533 542 rin
1564 504 1648 543 istis

199 565 352 603 duobus
371 567 604 612 nominibus,
617 579 687 604 nec
708 567 746 603 in
769 566 841 604 illis
857 566 1001 603 ‘duobis
1021 565 1146 602 verbis
1158 564 1238 601 sibi
1258 565 1648 603 assentirisciendum

199 633 271 664 est.
316 627 474 664 Interim
488 634 615 664 autem
628 627 789 664 observa
808 627 869 664 hic
886 639 1024 664 vocare
1038 625 1240 675 epistolam
1258 625 1305 662 ad
1326 624 1558 675 Philippum,
1572 638 1648 664 non

176 720 178 723 ,
197 694 327 726 autem
337 689 564 727 orationem:
585 700 704 738 quum
714 687 859 737 alioqui
870 687 1077 725 dicatalibi
1092 685 1232 735 passim
1245 685 1648 739 ἸσοκράτηςΦιλίππῳ.

251 749 736 793 ΑΠΟΛΕΛΟΙΠΟΤΕΣ,
761 750 844 786 α’ντὶ
867 752 929 786 τοῦ
958 749 1196 793 νενικηκότες.
1212 749 1237 791 ἡ
1263 749 1453 799 μεταφοριΐ
1479 748 1552 785 α’πό
1577 755 1650 786 τῶν

191 810 370 861 δρομέων.
401 811 434 848 οἱ
465 813 540 859 ’γὰρ
570 816 740 850 νικῶντες
770 810 1018 845 α’πολείπουσι
1047 806 1131 850 τούς
1159 809 1396 858 ἡττημένους.
1434 808 1649 859 Ἰσοκράτης

196 870 347 908 Παναθ.
367 872 428 906 καὶ
445 869 600 916 Πανηγ.
631 869 944 906 HARPOCRAT.

245 928 733 974 ΑΠΟΛΕΛΟΙΠΟΤΕΣ,
755 928 800 967 id
812 933 880 974 est,
901 930 967 980 qui
984 930 1176 967 vicerunt.
1212 927 1460 979 .Metaplzora
1478 942 1502 967 a
1521 942 1648 969 curso—

194 992 317 1030 ribus.
328 992 396 1042 qui
409 991 507 1029 enim
523 990 936 1042 vincunt‚relinquunt
948 1003 1010 1028 eos
1021 991 1089 1042 qui
1104 990 1198 1028 victi
1211 995 1317 1028 sant.
1331 990 1450 1030 Isocr.
1468 993 1646 1031 Panath.

190 1056 233 1089 'et
253 1053 463 1103 Panegyr.
503 1051 644 1098 Latini,
659 1051 792 1089 eadem
812 1052 1043 1102 metaphora
1067 1056 1232 1097 utentes,
1248 1064 1325 1089 non
1346 1051 1572 1102 simpliciter
1587 1054 1649 1091 di-

196 1120 290 1151 cunt
311 1113 538 1164 relinquere,
558 1113 597 1151 id
614 1119 686 1160 est,
709 1114 941 1164 ἀπολείπειν,
957 1113 1030 1151 sed
1055 1126 1079 1150 a
1098 1118 1209 1163 tergo
1232 1112 1457 1164 relinquere.
1516 1115 1645 1158 Quum

195 1181 326 1213 autem
342 1175 452 1213 valde
469 1174 609 1213 usitata
625 1175 674 1212 sit
693 1175 777 1214 haec
793 1175 1020 1226 metaphora
1040 1175 1079 1212 in
1099 1187 1192 1212 voce
1210 1174 1361 1225 passiva
1381 1177 1648 1214 ἀπολείπεσθαι

194 1236 315 1284 (unde
339 1241 382 1273 *et
402 1239 605 1289 ἀπελείφθη
633 1236 750 1275 habes
773 1238 811 1276 in
838 1238 1079 1288 Panegyr.—·§.
1101 1236 1163 1284 ιβ’.
1186 1249 1255 1286 pro
1277 1237 1487 1287 victasm‘t,
1508 1238 1566 1275 vel
1586 1240 1647 1276 in-

182 1297 426 1349 seriarsuit,
445 1305 512 1337 aut
525 1303 743 1349 postremas
764 1299 882 1337 tulit:
912 1300 1032 1337 habes
1052 1298 1342 1348 ἀπολειφθέντες
1357 1299 1502 1337 dictum
1515 1300 1646 1338 itidem

192 1360 231 1397 in
247 1360 409 1397 Panath.
432 1364 460 1408 ξ.
478 1360 566 1409 ξε’.),
586 1367 724 1399 contra
744 1374 827 1399 rara
848 1367 906 1399 est
926 1361 964 1398 in
985 1361 1112 1399 activa
1132 1362 1360 1398 ἀπολείπειν.
1382 1361 1549 1411 ideoque
1570 1375 1646 1399 non

195 1424 329 1461 miruin
350 1429 409 1460 est
429 1423 459 1460 si
481 1423 772 1473 Harpocration
788 1423 943 1473 dignam
960 1423 1149 1472 judicavit
1170 1434 1288 1472 quam
1303 1429 1522 1460 annotaret.

244 1482 616 1529 AHOHOMHAX,
637 1485 871 1533 α’ποτροπιίς,
890 1485 1106 1534 Ἰσοκράτης
1119 1483 1306 1534 Φιλίππῳ.
1336 1483 1647 1523 HARPOCRAT.

243 1543 610 1591 ΑΠΟΠΟΜΠΑΣ,
623 1547 896 1591 aversationes,
913 1544 1034 1583 Isocr.
1052 1545 1106 1582 ad
1120 1544 1372 1594 Philippum.
1404 1545 1519 1583 Haud
1543 1560 1647 1585 com-

194 1605 308 1643 mode
336 1611 464 1643 tamen
489 1605 623 1641 Latine
651 1607 770 1654 possit
796 1606 880 1655 quis
909 1605 1038 1643 dicere
1067 1606 1324 1643 aversationes
1347 1604 1484 1644 horum
1498 1607 1646 1657 facere,

191 1678 264 1716 pro
290 1666 458 1703 aversari
482 1664 563 1710 lzos,
585 1665 686 1703 sicut
707 1667 850 1704 Graece
876 1666 1021 1704 dicitur
1046 1668 1264 1718 ἀποτροπάς
1291 1670 1489 1712 ποιεῖσθαι,
1513 1675 1552 1706 et
1570 1668 1647 1706 fre-

192 1727 373 1777 quentius
392 1728 604 1777 ἀποτροπὴν
633 1730 830 1766 ποιεῖσθαι.
882 1728 1010 1765 Locus
1029 1733 1157 1764 autem
1179 1735 1237 1765 est
1256 1733 1286 1776 ξ.
1311 1732 1383 1780 μ6’.
1411 1731 1496 1772 τοὺς
1516 1729 1552 1767 δὲ
1574 1731 1647 1767 οὔτ’

191 1788 231 1825 ἐν
244 1793 328 1830 ταῖς
342 1790 487 1838 εὒχαῖς,
504 1788 576 1825 οὔτ’
588 1788 630 1825 ἐν
644 1793 727 1831 ταῖς
742 1787 895 1830 θυσίαις
913 1791 1155 1838 τιμωμένους,
1176 1790 1263 1826 ἀλλ’
1275 1792 1505 1840 ἀποπομπιῖς
1522 1792 1645 1828 αὒτῶν

189 1852 288 1901 ἡμᾶς
307 1853 562 1900 ποιουμένους.
592 1849 638 1887 Id
657 1856 730 1893 est,
747 1849 814 1887 sed
831 1849 919 1886 illos
937 1853 1168 1899 aversantes,
1185 1856 1252 1887 aut
1271 1851 1384 1888 etiam
1402 1849 1643 1889 detestantes.

191 1912 246 1949 At
274 1923 365 1948 vero
393 1912 653 1961 ἀποπομπαῖοι
682 1909 760 1948 θεοὶ
794 1910 906 1948 aliter
943 1911 1138 1956 dicuntur,
1173 1910 1407 1961 minimeque
1441 1912 1659 1960 ἀναλόγως.

192 1972 282 2010 huic
298 1972 595 2021 significationi:
628 1972 693 2010 sed
717 1972 768 2010 ita
790 1978 976 2010 vocantur
996 1978 1179 2021 tanquam
1202 1973 1427 2022 depulsores
1447 1972 1644 2019 (videlicet

192 2034 408 2081 malorum),
430 2041 468 2072 et
486 2047 699 2085 aversoreS,
718 2047 787 2072 seu
808 2034 1113 2084 propulsatores.
1147 2033 1239 2070 Dies
1264 2040 1389 2071 tamen
1407 2034 1550 2083 quibus
1571 2034 1643 2072 illis

178 2095 497 2140 sacrificabatur,
513 2094 740 2143 α’ποπομπαὶ
755 2095 1004 2133 vocabantur.

242 2157 481 2204 ΑΡΧΑῙΩΣ,
499 2158 710 2209 Ἰσοκράτης
727 2157 992 2209 Πανηγυρικῷ.
1019 2156 1082 2194 Τά
1098 2171 1135 2193 τε
1154 2158 1301 2193 παλαιά
1318 2162 1453 2198 καινῶς
1467 2155 1644 2202 διελθεῖν,

188 2221 249 2258 καὶ
269 2221 352 2271 περὶ
369 2226 442 2258 τῶν
466 2221 596 2258 νεωστὶ
621 2223 833 2270 γενομένων
853 2221 1024 2273 ἀρχαίως
1043 2220 1172 2255 εἰπεῖν.
1191 2216 1283 2254 ἐ’νιοι
1308 2216 1376 2268 μὲν
1393 2219 1486 2269 φασὶ
1505 2222 1642 2269 σημαί-

188 2299 264 2321 νειν
293 2283 589 2334 α’ρχαιοτρόπως,
618 2285 823 2329 τουτέστιν,
849 2283 1102 2333 ἀρχαιοτέροις
1128 2281 1287 2331 ὀνόμασι
1312 2283 1491 2332 χρῆσθαι.
1520 2280 1642 2318 HAR-

191 2355 392 2383 PoanT.

240 2405 482 2453 ΑΡΧΑΙΩΣ,
510 2405 620 2458 apud
646 2405 765 2444 Isocr.
794 2406 1002 2456 Panegyr.
1031 2416 1100 2454 pro
1126 2405 1418 2455 ἀρχαιοτρόπως.
1486 2403 1644 2454 Legitur

187 2473 314 2505 autem
337 2471 367 2514 ξ.
388 2465 434 2504 α’.
457 2467 488 2504 is
509 2480 622 2518 quem
643 2467 756 2505 affert
773 2468 980 2514 locus‚non
997 2466 1134 2516 procul
1151 2478 1171 2503 a
1185 2465 1378 2516 principio
1393 2465 1640 2517 panegyrici:

178 2530 255 2566 sed
267 2541 341 2579 pro
355 2527 513 2566 διελθεῖν
526 2528 579 2565 ibi
597 2535 654 2566 est
669 2527 888 2575 διεξελέεἶνῑ
919 2527 1025 2577 quod
1045 2527 1165 2577 magis
1179 2527 1320 2577 probo.
1351 2527 1498 2565 Sonare
1512 2533 1641 2565 autem

181 2590 272 2628 ‹lici-
279 2596 410 2641 posset
422 2591 718 2640 ἀρχαιοτρόπως,
740 2591 903 2640 antiquo
918 2601 1034 2636 more,
1051 2589 1123 2635 vel,
1139 2589 1250 2628 modo
1269 2589 1433 2640 quodam
1447 2591 1515 2641 qui
1533 2603 1640 2629 suam

185 2652 462 2702 antiquitatem
488 2651 618 2701 sapiat
636 2659 704 2688 aut
723 2651 909 2690 redoleat.
963 2650 1040 2688 Sed
1061 2651 1270 2701 ipsummet
1291 2651 1638 2702 Harpocrationem

178 2712 364 2750 *audimus
380 2718 654 2762 exponentem,
667 2714 925 2764 ἀρχαιοτέροις
944 2713 1122 2763 drapum:
1145 2712 1199 2750 sic
1218 2718 1344 2750 tamen
1363 2719 1404 2750 ut
1417 2713 1637 2763 ambiguum

181 2775 235 2812 eit
250 2787 303 2812 an
329 2787 376 2811 ex
395 2787 466 2811 suo
493 2787 540 2811 an
562 2787 608 2811 ex
628 2774 789 2812 aliorum
805 2774 960 2823 judicio
982 2774 1034 2812 ita
1059 2782 1228 2826 exponat
1249 2778 1549 2828 ἀρχαιοτρόπως;
1580 2789 1620 2813 se

185 2848 308 2886 quens
329 2835 504 2873 nimirum
522 2835 716 2884 judicium
744 2849 875 2873 eorum
905 2837 971 2886 qui
991 2850 1061 2887 pro
1088 2839 1369 2890 ἀρχαιοτρόπως
1396 2838 1522 2889 accipi
1545 2851 1637 2875 cen-

179 2903 355 2935 suerunt.
410 2897 543 2941 Quare
565 2897 772 2934 videndum
794 2910 841 2934 an
863 2905 967 2936 recte
989 2898 1177 2948 interpres
1203 2899 1360 2937 verterit
1382 2899 1486 2937 bunc
1510 2900 1637 2936 locum

181 2958 257 2995 ita:
287 2962 368 2995 tum
387 2958 436 2996 iis
454 2970 542 3009 quae
560 2971 691 2996 recens
710 2963 796 2997 acta
816 2964 923 3005 sunt,
943 2959 1119 3011 quaedam
1139 2962 1340 2998 vetustatis
1360 2961 1490 3011 opinio
1506 2962 1633 2999 conci·
