1924 3314
245 189 299 228 36
775 188 830 229 H.
864 186 1161 230 STEPHANI

248 305 394 338 tantum
429 300 472 337 fit
506 301 662 346 mentio,
688 307 866 352 tanquam
902 303 975 340 hoc
993 303 1051 339 vel
1077 302 1143 338 illo
1162 302 1354 339 vocabulo
1372 302 1457 340 usi:
1488 308 1526 339 et
1551 298 1695 338 alicubi

250 359 392 401 dicitur
429 360 620 398 Isocrates
658 361 695 397 in
723 375 829 399 more
854 362 995 400 habere
1023 362 1076 399 ita
1111 375 1162 399 eo
1185 363 1240 399 uti
1268 362 1403 408 (veluti
1431 361 1495 399 ubi
1521 361 1697 409 legimus,

247 419 437 470 'Ha-apav,
458 420 615 466 σῦνηὲές
636 423 714 460 ἐστι
734 427 782 473 τῷ
798 423 994 473 Ἰσοκράτει
1016 426 1082 468 τὴν
1100 423 1169 461 ὑπὸ
1195 426 1242 473 τῷ
1268 421 1422 468 βασιλεῖ
1447 429 1518 460 τῶν
1539 421 1697 471 Περσῶν

250 488 322 528 γῆν
335 481 426 518 οὕτω
441 483 603 529 καλεῖν);
626 482 769 520 alicubi
787 484 943 526 additur
962 490 1000 521 et
1020 485 1173 534 quidam
1191 483 1285 520 alius
1306 484 1370 532 qui
1391 496 1437 520 eo
1457 483 1589 520 itidem
1608 494 1697 518 usus

250 541 378 587 fuerit,
398 549 463 579 aut
483 543 637 592 quidam
658 544 722 580 alii
742 544 991 592 adjiciuntur.
1022 545 1180 581 Suidam
1194 551 1322 580 autem
1338 543 1535 580 sciendum
1552 548 1699 579 estnon

253 603 386 640 harum
405 609 550 640 tantum
575 616 709 640 vocum
731 617 818 653 quae
838 604 886 641 ad
910 605 1090 641 Isocratis
1112 604 1178 641 sed
1207 605 1365 641 aliarum
1393 603 1506 639 etiam
1533 615 1621 651 quae
1648 600 1699 638 ad

251 652 411 701 aliorum
432 670 628 701 oratorum
648 664 850 701 lectionem
873 664 1034 709 faciunt,
1063 665 1263 715 plerasque
1285 664 1442 707 habere,
1462 676 1508 699 ac
1533 675 1609 699 non
1635 661 1702 698 im-

252 724 388 760 merito
414 723 622 760 existimari
653 736 740 760 eum
770 737 816 760 ex
846 724 1166 773 Harpocrationis
1193 724 1291 760 libro
1324 736 1388 760 eas
1420 721 1702 772 descripsisse:

250 796 364 833 quum
386 783 671 832 Harpocration
699 789 736 820 et
757 783 863 833 prior
891 797 936 821 eo
966 784 1093 830 fuerit,
1114 791 1153 821 et
1182 784 1321 821 multos
1348 783 1558 832 scriptores
1584 787 1701 819 testes

250 843 359 888 citet,
379 856 539 890 quorum
564 843 655 881 alibi
685 844 789 881 nulla
817 843 861 881 fit
881 856 902 880 a
928 844 1049 881 Suida
1079 844 1236 881 mentio.
1293 843 1450 893 Alioqui
1471 856 1516 879 ex
1537 855 1614 880 uno
1643 854 1704 878 eo-

250 903 414 950 demque
432 904 603 941 hausisse
619 904 726 941 fonte
744 904 862 941 videri
878 910 1058 953 possent:
1080 905 1252 955 quamvis
1269 903 1370 953 apud
1385 903 1547 940 Suidam
1563 902 1705 939 alicubi

251 964 376 1014 plura,
395 964 537 1001 alicubi
559 972 693 1002 contra
713 965 895 1014 pauciora
912 965 1113 1013 legantur:
1145 971 1184 1003 et
1204 965 1348 1002 alicubi
1368 962 1606 1001 emendatior
1620 961 1705 1010 ejus

253 1027 301 1064 sit
321 1027 451 1070 lectio,
472 1025 615 1063 alicubi
632 1025 874 1064 mendosior:
905 1025 1052 1063 alicubi
1071 1026 1206 1063 eadem
1234 1025 1389 1062 omnino
1414 1023 1565 1068 menda,
1587 1022 1706 1059 nomi-

252 1087 447 1136 natimque
483 1087 629 1124 eaedem
660 1087 824 1135 alicujus
858 1087 962 1124 vocis
991 1093 1059 1124 aut
1089 1087 1302 1137 aliquarum
1335 1099 1472 1123 vocum
1507 1084 1704 1133 ἐλλείψεις,

253 1147 481 1183 habeantur.
538 1147 717 1197 Exempli
737 1148 870 1196 gratia,
894 1147 932 1184 iu
956 1147 1148 1185 vocabulo
1175 1149 1409 1199 σκαφηφόροι,
1433 1147 1573 1196 legitur
1597 1144 1702 1194 apud

254 1210 601 1260 Harpocrationem
623 1211 765 1260 pariter
784 1217 822 1247 et
844 1210 1002 1247 Suidam
1020 1224 1028 1247 :
1060 1213 1131 1260 οὺχ
1150 1213 1236 1260 ἡμῖν
1255 1210 1404 1261 ἔχοντες
1426 1209 1540 1261 χάριν
1559 1217 1624 1253 τῆς
1639 1223 1706 1244 πο-

253 1272 406 1316 λιτείας,
431 1273 532 1308 timet
552 1275 600 1322 τῷ
620 1273 795 1322 ἀργυρίῳ,
817 1270 914 1308 οὗτοι
942 1275 1016 1321 γάρ
1044 1273 1323 1322 εσκαφηφόρουν
1340 1273 1530 1325 Ἀθήνῃσι.
1588 1269 1705 1306 Hunc

251 1332 379 1368 locum
406 1332 485 1368 sive
514 1332 616 1382 apud
648 1331 994 1381 Harpocrationem
1022 1333 1100 1369 sive
1130 1332 1235 1382 apud
1272 1331 1432 1369 Suidam
1466 1330 1552 1381 quis
1587 1329 1704 1378 legat,

253 1393 410 1429 multum
433 1393 486 1429 illi
507 1393 651 1442 negotii
673 1392 840 1430 facesset
856 1393 1043 1442 particula
1064 1396 1152 1443 γάρ,
1169 1393 1349 1443 quoniam
1370 1392 1463 1429 nihil
1483 1391 1614 1429 videre
1634 1402 1706 1438 po-

251 1453 340 1489 terit
361 1455 472 1503 cujus
498 1456 683 1492 rationem
712 1455 774 1492 illa
796 1454 948 1499 reddat,
970 1455 1145 1504 adeoque
1174 1468 1245 1492 nec
1266 1454 1465 1504 quomodo
1495 1453 1577 1490 haec
1605 1450 1706 1490 οὗτοι

248 1518 324 1563 γάρ
352 1515 626 1567 ἐσκαφηφόρουν
653 1516 848 1570 Ἀθήνῃσι,
884 1529 970 1553 cum
998 1515 1307 1565 praecedentibus
1331 1514 1564 1552 cohaereant.
1621 1513 1706 1550 Nec

251 1576 388 1612 mirum
405 1576 436 1612 si
454 1577 526 1613 hoc
543 1577 578 1613 in
593 1577 679 1613 loco
694 1577 796 1626 apud
815 1583 1018 1626 utrumque
1035 1576 1352 1625 lexicographum
1369 1574 1557 1614 haerebit:
1586 1586 1706 1624 quum

248 1636 350 1685 apud
375 1644 576 1688 utrumque
598 1638 696 1674 inter
716 1640 876 1688 ἀργυρίῳ
898 1643 934 1673 et
960 1636 1056 1674 οὗτοι
1076 1637 1201 1674 desint
1224 1637 1283 1673 hae
1298 1643 1373 1674 tres
1393 1649 1524 1683 voces,
1546 1636 1630 1673 ἀντὶ
1644 1643 1706 1673 τοῦ

247 1699 417 1746 μέτοικοι.
441 1699 587 1747 optime
607 1701 706 1734 enim
725 1699 800 1745 (his
827 1697 996 1745 insertis)
1014 1698 1210 1735 cohaerere
1231 1697 1297 1734 illa
1319 1697 1484 1742 videbis,
1511 1695 1608 1734 οὗτοι
1628 1699 1705 1746 γὰρ

244 1758 521 1808 έσκαφηφόρουν
549 1761 741 1813 Ἀθήνῃσι.
818 1759 1043 1808 Namapud
1081 1759 1167 1795 illos
1201 1771 1319 1808 quum
1354 1764 1442 1808 post
1481 1760 1706 1809 σκαφηφόροι

249 1819 355 1867 sequi
376 1819 535 1856 deberet
552 1823 634 1857 ἀντὶ
654 1826 716 1858 τοῦ
736 1822 910 1870 μέτοικοι,
925 1819 1066 1857 deinde
1083 1819 1211 1856 afferri
1232 1820 1341 1857 locus
1363 1819 1551 1857 Dinarchi
1566 1818 1633 1856 ubi
1649 1819 1704 1856 sic
1759 1859 1764 1864 ,

247 1891 336 1914 usus
363 1886 420 1916 est
449 1880 514 1916 illo
537 1880 755 1918 vocabulo:
787 1886 923 1917 contra
948 1880 1134 1917 contiuuo
1162 1886 1253 1928 post
1280 1882 1504 1931 σκαφηφόροι
1532 1879 1707 1929 ponitur,

247 1938 455 1990 Δείναρχος
476 1941 516 1977 ἑν
532 1944 579 1991 τῷ
601 1944 696 1978 κατεῖ
713 1942 985 1987 Ἀγασικλέους
1006 1942 1130 1992 φησὶν,
1153 1947 1190 1977 et
1220 1940 1277 1978 his
1307 1941 1597 1989 subjUnguntur
1622 1939 1708 1988 ejus

248 2000 385 2038 verba:
417 2002 498 2038 istis
521 2015 609 2039 Vero
629 2002 707 2047 illa,
729 2001 824 2039 οὗτοι
854 2005 927 2051 γὰρ
961 2002 1237 2053 ἑσκαφηφόρουν
1264 2001 1464 2056 Ἀθήνῃσι,
1490 2000 1706 2039 omissisjl-

247 2059 293 2097 lis
309 2074 394 2110 quae
414 2063 683 2112 interjicienda
703 2069 790 2099 sunt
811 2063 883 2111 (uti
904 2062 999 2109 dixi)
1017 2069 1056 2100 et
1075 2063 1230 2112 quidem
1249 2076 1270 2100 e
1286 2063 1428 2100 veteris
1443 2062 1530 2099 libri
1545 2061 1711 2099 auctori-

247 2126 342 2157 tate.
379 2122 506 2160 Libuit
521 2124 634 2168 cnim,
658 2129 699 2160 ut
721 2122 792 2159 tibi
813 2123 931 2172 magis
948 2123 984 2159 in
1001 2123 1072 2159 hac
1089 2128 1199 2172 parte
1217 2117 1542 2172 Harpocrationis
1557 2122 1708 2160 edenda

248 2179 499 2229 gratificarer,
513 2183 626 2220 etiam
643 2196 758 2220 unum
774 2196 793 2219 e
807 2183 898 2219 meis
915 2183 950 2219 in
966 2182 1153 2233 quosdam
1167 2183 1387 2220 illiuslocos
1397 2182 1708 2228 Schediasmatis,

249 2240 354 2290 qnod
378 2242 523 2292 alioqui
545 2256 632 2280 cuni
656 2243 806 2280 caeteris
827 2244 989 2280 dilatum
1017 2243 1180 2280 fortasse
1201 2244 1267 2281 diu
1288 2243 1438 2288 fuisset,
1467 2243 1538 2281 tibi
1564 2256 1708 2294 reprae-

246 2308 400 2339 sent-dre
418 2315 426 2339 :
460 2303 646 2353 simulque
675 2304 723 2341 de
751 2304 825 2341 ista
846 2304 1168 2354 Harpocrationis
1189 2305 1224 2341 in
1244 2305 1474 2355 quibusdam
1497 2304 1593 2342 locis
1613 2317 1708 2342 con-

249 2363 453 2400 suetudine
484 2369 519 2400 te
541 2377 709 2408 monere,
733 2365 1014 2414 expositionem
1033 2364 1212 2403 vocabuli
1233 2365 1349 2402 talem
1368 2366 1406 2402 in
1434 2366 1563 2403 locum
1589 2378 1708 2403 reser-

248 2424 376 2467 vandi,
400 2423 436 2460 id
459 2430 530 2468 est,
556 2437 629 2461 non
652 2425 822 2474 ponendi
842 2425 912 2462 nisi
934 2432 1025 2476 post
1044 2426 1163 2475 ipsius
1186 2426 1356 2463 auctoris
1378 2426 1508 2464 verba.
1555 2427 1616 2464 Ne
1633 2426 1709 2466 hoc

246 2485 403 2533 quidem
420 2485 594 2534 ignorare
610 2491 647 2522 te
659 2486 785 2530 velim,
801 2487 957 2524 Suidam
972 2487 1197 2537 plerumque
1216 2487 1397 2524 Isocratis
1412 2500 1550 2525 nomen
1566 2493 1708 2534 tacere,

247 2545 395 2582 etiamsi
415 2547 569 2596 aliquod
593 2547 821 2584 vocabulum
848 2561 925 2597 quo
954 2549 983 2586 is
1014 2562 1105 2586 usus
1131 2554 1203 2593 est,
1230 2555 1426 2597 exponat:
1457 2549 1648 2587 interdum
1670 2551 1709 2587 in

249 2604 325 2643 tine
341 2613 487 2644 tantuin
505 2619 663 2657 ponere,
681 2614 769 2656 post
790 2608 864 2644 alia
886 2609 1016 2655 inulta,
1032 2610 1079 2646 ad
1101 2609 1226 2658 ipsum
1248 2609 1476 2652 Isocratem,
1493 2609 1585 2647 licet
1603 2610 1706 2659 ejus·

247 2666 336 2703 dem
355 2668 460 2704 vocis
480 2675 519 2705 et
539 2668 592 2704 ibi
613 2667 681 2705 fiat
699 2668 855 2714 mentio,
872 2683 946 2707 non
962 2669 1206 2720 pertinentia.
1230 2676 1272 2707 ut
1288 2669 1417 2707 videre
1436 2677 1496 2707 est
1517 2669 1554 2707 in
1571 2669 1705 2721 Παρα-

248 2730 387 2778 γραφή.
446 2728 544 2765 Cum
567 2729 639 2766 hoc
659 2736 802 2775 autem,
824 2737 903 2766 tum
932 2731 1020 2776 alia,
1044 2731 1080 2768 in
1101 2743 1216 2768 causa
1238 2730 1394 2767 fuerunt
1411 2742 1480 2767 cur
1497 2729 1706 2768 alicubiad

244 2790 374 2837 ipsum
396 2790 605 2833 remittere,
626 2802 738 2839 quam
756 2796 879 2827 totum
901 2790 1038 2828 afferre
1059 2791 1188 2828 locum
1208 2790 1418 2827 maluerim.
1477 2790 1594 2833 Quod
1615 2790 1708 2828 alio-

242 2849 310 2899 qui
332 2856 369 2886 et
393 2850 496 2899 apud
522 2850 867 2899 Harpocrationem
887 2852 1120 2901 quibusdam
1145 2852 1181 2889 in
1205 2851 1405 2889 vocabulis
1427 2850 1518 2888 feci.
1575 2850 1707 2893 Quum

247 2922 336 2945 vero
355 2918 393 2947 et
414 2911 557 2960 aliquot
584 2912 738 2961 propria
756 2912 912 2950 nomina
938 2918 1018 2950 tum
1039 2913 1205 2950 virorum
1231 2918 1309 2950 turn
1337 2912 1512 2950 locorum
1537 2925 1582 2950 ex
1604 2918 1707 2950 utro-
