1914 3314
72 925 148 964 Pag.

101 970 151 999 ed.

0 1009 38 1039 H.
47 1011 152 1050 steph.

73 1057 150 1092 208

862 557 902 599 1.

594 673 1176 724 ΙΣΟΚΡΑΤΟΥΣ

407 798 774 848 ΕΛΕΝΗΣ
838 800 881 848 E

904 798 1358 848 ΓΚΩΜΙΟΝ.

240 1022 297 1075 α’.
341 1033 466 1077 ΕΙΣΙ
495 1048 603 1083 τινες
629 1023 675 1076 οἳ
696 1023 823 1095 μέγα
850 1024 1083 1100 φρονοῦσιν,
1109 1023 1155 1084 ἢν
1180 1023 1399 1076 ὑπόθεσιν
1428 1019 1604 1075 ἄτοπον
1622 1042 1701 1077 206

723 1097 736 1116 Ι

165 1096 245 1149 καὶ
273 1095 525 1165 παράδοξον
559 1123 850 1171 ποιησαμενοι
884 1096 990 1166 περὶ
1033 1094 1199 1159 ταύτης
1235 1096 1430 1156 dveit-reb}
1464 1094 1606 1148 εἷπεῖν

209 1212 488 1242 SUMMARIUM.
512 1211 584 1252 (α’.)
602 1213 751 1253 Prologus.
795 1214 869 1242 Sunt

167 1256 219 1294 qui
236 1255 324 1285 valde
344 1256 402 1285 sibi
419 1255 567 1294 placeant,
584 1256 609 1285 si
631 1257 670 1286 de
693 1261 869 1293 argumento

168 1298 299 1328 absurdo
326 1303 356 1328 et.
382 1298 514 1327 mirabili
543 1298 743 1328 tolerabiliter
767 1299 869 1328 dicere

169 1347 290 1379 queam,
306 1340 441 1379 rixisque
459 1348 578 1380 tempus
597 1347 703 1376 terant,
718 1351 785 1381 quae
802 1342 870 1380 plus

169 1382 354 1413 difficultatis
379 1394 466 1422 quam
492 1384 630 1414 utilitatis
654 1385 773 1413 habent.
797 1383 870 1425 (3¹.)

169 1426 288 1464 Quodsi
304 1426 426 1464 ineptiae
441 1427 508 1456 istae
524 1427 561 1456 ab
584 1427 650 1456 istis
673 1428 802 1456 inventae
824 1438 871 1456 es-

171 1473 248 1504 sent,
265 1469 403 1508 equidem
422 1479 478 1498 non
494 1470 618 1507 perinde
633 1470 758 1499 mirarer
774 1471 811 1499 de
828 1470 871 1499 in-

172 1511 322 1541 ventionis
338 1512 451 1542 honore
467 1512 644 1550 gloriantes,
660 1513 713 1542 sed
731 1513 798 1551 quis
815 1518 871 1547 est,

171 1555 222 1592 qui
233 1554 359 1588 nesciat,
369 1554 565 1593 Protagoram
577 1555 712 1594 aliosque
725 1556 872 1595 temporis

168 1597 252 1627 illius
265 1597 590 1636 sophistas,Gorgiain,
600 1599 748 1628 Zenonem
762 1605 792 1627 et
805 1599 870 1627 Me-

169 1639 286 1675 lissnm,
303 1649 361 1669 non
384 1640 481 1670 solum
508 1640 588 1675 talia,
612 1642 665 1670 sed
696 1641 872 1680 operosiora

170 1682 258 1711 etiam
274 1682 389 1722 scripta
405 1683 492 1713 nobis
510 1683 687 1722 reliquisse?
711 1682 784 1723 (γ’.)
807 1684 868 1720 Qui

169 1725 241 1754 licet
257 1725 415 1755 evidenter
429 1725 630 1761 ostenderint,
646 1727 724 1756 baud
748 1726 869 1756 difficile

168 1777 250 1803 esse,
267 1768 369 1797 falsam
393 1769 431 1797 de
453 1779 630 1807 quacunque
650 1779 683 1798 re
706 1770 870 1799 orationem

169 1810 368 1845 comminisci,
382 1816 478 1840 tamen
494 1812 629 1841 rhetores
643 1811 737 1841 nostri
752 1811 798 1840 his
815 1822 870 1841 nu-

168 1852 217 1891 gis
238 1854 301 1892 jam
323 1853 375 1883 diu
401 1853 540 1893 explosis
562 1854 770 1889 immorantur,
793 1864 870 1892 qnos

167 1896 326 1926 veritatem
338 1896 478 1937 persequi
490 1896 593 1935 potins
605 1898 742 1931 decebat,
752 1897 869 1927 andito-

166 1947 275 1977 resque
284 1949 354 1968 suos
361 1939 481 1969 erudire
491 1943 521 1968 et
529 1950 671 1969 exercere
679 1940 709 1970 in
720 1939 757 1970 iis
767 1940 870 1976 rebus,

167 1991 235 2019 quae
254 1981 291 2010 ad
311 1981 401 2011 vitam
421 1982 540 2011 civilem
563 1982 724 2023 pertinent,
743 1993 869 2021 quarum

168 2023 216 2053 vel
246 2023 408 2053 mediocris
438 2024 544 2054 notitia
579 2035 870 2064 supervacaneamm

167 2075 265 2095 rerum
291 2067 457 2106 cognitioni
483 2067 572 2106 longe
599 2069 786 2106 praet'erenda
813 2073 870 2098 est.

167 2107 237 2149 (δ’.)
258 2109 371 2139 Verum
390 2109 456 2139 istis
474 2110 546 2139 nihil
562 2121 643 2140 curae
659 2116 716 2145 est,
735 2121 820 2150 quam
837 2116 869 2141 ut

166 2151 375 2181 adolescentes
391 2153 466 2182 hene
482 2159 648 2183 nummatus
665 2155 702 2183 de
717 2155 869 2193 rebusque

165 2194 303 2223 futilibus
316 2195 464 2224 blaterare
477 2196 619 2231 solentes,
631 2197 755 2235 pecunia
767 2207 867 2226 emun-

165 2242 245 2276 gant.
269 2236 337 2277 (ε’.)
361 2238 437 2274 Qnae
453 2248 501 2268 res
517 2249 573 2268 non
592 2244 648 2268 tam
667 2239 866 2269 adolescenti-

164 2279 220 2309 bus
241 2290 328 2318 quam
352 2282 539 2316 doctoribus,
560 2282 729 2321 discipulos
751 2283 867 2322 decipi-

163 2322 298 2358 entibus,
314 2323 388 2352 vitio
402 2330 450 2353 est
466 2326 622 2364 vertenda,
642 2325 718 2366 (ς’.)
742 2325 793 2365 qui
810 2326 867 2355 arti

163 2365 327 2394 mentiendi
344 2370 457 2396 tantum
475 2367 588 2397 favoris
607 2368 817 2404 conciliarunt,
835 2374 866 2398 ut

163 2408 298 2437 nonnulli
317 2410 379 2447 jam
397 2410 532 2439 scribere
552 2411 699 2440 audeant:
725 2411 865 2441 exsulum

162 2461 384 2490 egenorumque
401 2452 491 2481 vitam
511 2462 688 2492 quacunque
705 2454 764 2483 alia
780 2459 866 2493 opta-

164 2494 300 2523 biliorem
324 2504 403 2530 esse,
423 2505 483 2531 quo
504 2496 622 2525 scilicet
646 2497 866 2537 demonstrent,

164 2546 196 2565 se
210 2536 249 2566 de
264 2537 355 2566 rebus
371 2537 512 2567 civilibus
527 2538 647 2568 facilius
660 2539 748 2568 etiam
761 2539 865 2569 dicere

163 2588 264 2618 posse.
309 2578 352 2609 At
364 2580 518 2619 sophistas
534 2581 710 2619 sapientiam
725 2582 783 2612 sibi
801 2582 865 2612 vin-

163 2622 334 2652 dicantibus
365 2623 454 2653 decet
484 2624 637 2654 excellere
666 2624 866 2664 indoctusque

165 2673 319 2704 superare,
340 2675 398 2694 non
421 2666 450 2695 in
477 2666 515 2695 iis
540 2667 642 2701 rebus,
665 2677 740 2706 quas
765 2668 866 2697 Graeci

163 2707 334 2746 negligunt,
350 2709 402 2738 sed
420 2709 450 2739 in
467 2709 518 2744 iis,
534 2719 609 2748 quas
625 2710 759 2740 universi
775 2721 865 2740 aemu-

165 2749 275 2780 lentur.
320 2751 433 2781 Verum
459 2752 648 2782 manifestum
673 2758 732 2788 est,
752 2763 804 2782 eos
828 2754 866 2783 ob

166 2791 278 2832 ingenii
293 2793 495 2825 infirmitatem
513 2795 568 2824 linc
585 2795 759 2834 confugere,
775 2796 866 2835 siqui·

165 2834 234 2864 dem
251 2836 400 2867 orationes
415 2838 453 2867 ad
469 2838 598 2867 omnium
615 2838 776 2868 utilitatem
797 2849 867 2877 spe·

167 2881 283 2907 ctantes
300 2878 482 2909 inventionis
497 2885 529 2910 et
544 2881 776 2921 compositionis
791 2881 867 2911 diffi-

168 2919 283 2949 cilioris
309 2926 389 2958 sunt,
414 2933 501 2962 quam
530 2923 596 2953 istae
624 2924 765 2960 inutiles3
800 2934 866 2954 nam

166 2970 261 3011 parva
272 2963 412 2994 facillime
426 2966 526 2996 verbis
538 2972 727 3005 superantur,
736 2971 767 2996 et
779 2967 866 3006 quid—

167 3004 241 3043 quid
270 3005 308 3035 de
338 3006 399 3038 illis
427 3008 543 3039 dixerit
570 3009 689 3048 aliquis,
711 3009 864 3049 proprium

902 1211 998 1251 ipsius
1013 1216 1070 1246 est,
1085 1211 1123 1240 de
1134 1209 1250 1250 maguis
1266 1221 1337 1240 vero
1350 1220 1439 1240 secus
1452 1214 1508 1240 est.
1532 1208 1605 1251 (ζ’.)

905 1255 985 1284 Hinc
999 1255 1184 1283 laudatorem
1202 1254 1328 1283 Heleuae
1340 1254 1442 1289 laudo,
1452 1253 1532 1293 quod
1546 1253 1605 1283 sibi

904 1298 1041 1327 feminam
1064 1296 1190 1337 elegerit
1212 1302 1243 1326 et
1266 1301 1424 1326 venustate
1446 1302 1475 1325 et
1496 1306 1605 1335 genere

905 1345 935 1370 et
964 1340 1059 1378 gloria
1084 1345 1289 1378 praestantem.
1347 1339 1485 1369 Attamen
1513 1339 1542 1368 iu
1569 1349 1605 1368 eo

905 1383 1028 1417 errarit,
1043 1383 1121 1421 quod
1142 1382 1343 1412 laudationem
1364 1383 1532 1422 scripturus
1551 1381 1606 1411 de-

905 1425 1068 1455 fensionem
1085 1425 1219 1464 scripsit,
1235 1425 1365 1463 ideoque
1381 1435 1443 1454 rem
1459 1424 1606 1454 diversis-

905 1469 1008 1497 simam
1031 1468 1232 1497 commiscuit.
1284 1467 1353 1507 (η’.)
1385 1469 1433 1497 Ne
1459 1477 1532 1497 vero
1559 1477 1608 1496 re·

906 1511 1092 1550 prehendere
1122 1515 1234 1540 tantum
1266 1511 1382 1546 videar,
1408 1511 1447 1540 de
1473 1510 1607 1551 propriis

904 1554 978 1583 nihil
989 1553 1310 1587 ostendens‚omnibus
1320 1553 1368 1587 iis,
1381 1563 1446 1592 quae
1460 1563 1476 1582 a
1488 1552 1608 1583 caeteris

905 1597 988 1626 dicta
1010 1601 1089 1630 sunt,
1105 1596 1233 1631 relictis,
1250 1596 1288 1625 de
1312 1596 1430 1626 Helena
1451 1597 1543 1626 verba
1563 1596 1608 1625 sa-

903 1649 972 1669 cerc
985 1640 1125 1668 conabor.
1148 1637 1216 1678 (6¹.)
1232 1638 1430 1678 Confirmatio.
1465 1638 1606 1669 Omnium

905 1682 1106 1712 semideorum
1130 1691 1147 1710 a
1165 1691 1197 1710 se
1221 1685 1353 1710 ortorum
1374 1681 1498 1719 Jupiter
1515 1681 1609 1711 solius

904 1725 1033 1755 Helenae
1050 1730 1134 1764 pater
1152 1725 1254 1754 vocari
1275 1723 1382 1759 voluit,
1397 1734 1522 1763 eamque
1544 1734 1608 1764 prae

904 1768 1040 1797 Hercule
1055 1768 1098 1797 ita
1114 1767 1283 1802 honoravit,
1300 1771 1332 1796 nt
1354 1766 1422 1796 huic
1444 1768 1546 1802 robur,
1561 1766 1608 1796 illi

902 1810 1137 1848 pulcritudinem
1164 1808 1295 1845 dederit,
1326 1811 1451 1848 ejusque
1481 1811 1607 1839 formam

905 1853 1015 1892 ubique
1028 1857 1058 1882 et
1072 1852 1265 1891 conspicuam
1280 1857 1310 1882 et
1323 1852 1397 1882 viris
1413 1852 1541 1882 efficerit
1552 1863 1606 1882 ex·

902 1896 1071 1935 petendam.
1098 1894 1161 1936 (t'.)
1185 1895 1232 1925 Ac
1246 1894 1375 1935 primum
1386 1895 1523 1925 Theseus
1539 1895 1606 1935 pul-

903 1938 1055 1968 critudine
1077 1940 1142 1977 ejus
1160 1938 1271 1973 victus,
1287 1948 1377 1977 quum
1404 1938 1485 1968 illam
1511 1948 1529 1968 a
1552 1948 1605 1977 pa—

903 1981 1043 2011 rentibus
1073 1981 1277 2020 fratribusque
1307 1981 1437 2010 nondum
1473 1981 1605 2011 adultam

902 2024 1043 2064 accipere
1066 2034 1124 2053 non
1150 2030 1265 2063 posset,
1288 2024 1432 2063 periculis
1457 2025 1606 2060 omnibns,

902 2077 969 2106 quae
988 2077 1006 2097 a
1025 2067 1242 2097 Lacedaemone
1260 2067 1486 2105 impendebant,
1503 2067 1606 2106 negle-

902 2111 971 2147 ctis,
987 2110 1085 2151 patria
1107 2109 1213 2139 relicta
1234 2109 1405 2149 Aphidnam
1421 2110 1530 2139 Atticze
1549 2119 1606 2148 op-

901 2152 1005 2192 pidum
1018 2152 1181 2187 transtulit,
1191 2162 1226 2181 ac
1240 2158 1351 2182 tantum
1365 2152 1469 2182 habuit
1479 2153 1605 2191 gratiam

902 2196 1059 2230 Perithoo,
1075 2195 1125 2234 qui
1142 2200 1308 2235 coeptorum
1326 2196 1428 2225 socius
1446 2196 1554 2230 fuerat,
1570 2201 1605 2225 ut

900 2238 985 2268 illum
1001 2239 1036 2268 ad
1055 2238 1166 2267 inferos
1181 2237 1377 2267 comitaretur
1392 2238 1514 2268 Plutoni
1528 2239 1605 2268 Pro-

901 2282 1062 2320 serpinam,
1081 2281 1172 2312 ‚lovis
1195 2287 1226 2310 et
1248 2281 1370 2310 Cereris
1393 2281 1496 2316 filiam,
1517 2282 1604 2320 cnjus

902 2325 1062 2354 Perithous
1079 2324 1199 2362 nuptias
1215 2324 1312 2362 petiit,
1327 2331 1496 2363 erepturus.
1521 2323 1604 2366 (ια’.)

901 2368 1019 2406 Quodsi
1036 2368 1172 2396 Theseus
1187 2367 1233 2395 vir
1249 2367 1383 2405 vulgaris
1400 2368 1518 2402 suisset,
1532 2377 1604 2397 non-

900 2411 970 2439 dum
993 2407 1157 2443 constaret,
1178 2414 1277 2438 utrum
1300 2411 1363 2439 liaec
1387 2411 1516 2440 narratio
1537 2410 1604 2440 laus

900 2452 1027 2483 Helenae
1041 2463 1076 2482 an
1093 2452 1200 2481 Thesei
1217 2452 1370 2482 accusatio
1387 2458 1479 2489 esset,
1490 2458 1519 2483 at
1533 2453 1604 2483 huic

899 2496 1009 2525 nullam
1019 2495 1160 2524 virtutem
1173 2495 1509 2535 defuissereperiemur.
1533 2496 1602 2533 Quo

899 2545 997 2568 autem
1014 2537 1179 2567 laudationi
1201 2538 1328 2568 Helenae
1350 2538 1492 2577 majorem
1512 2540 1602 2569 etiam

900 2581 988 2610 fidem
1013 2580 1222 2616 conciliemus,
1243 2581 1281 2610 de
1304 2580 1426 2616 Thesei,
1447 2582 1497 2620 qui
1519 2581 1602 2612 illam

900 2625 1028 2659 amabat,
1051 2623 1190 2653 laudibus
1218 2624 1306 2662 plura
1332 2624 1465 2662 adjicere
1496 2623 1601 2663 lubet;

900 2666 982 2706 (ιβ’.)
1006 2668 1033 2696 in
1050 2668 1160 2705 quibus
1176 2665 1256 2696 viros
1270 2666 1353 2697 illius
1368 2667 1466 2696 aetatis
1482 2667 1539 2697 fide
1553 2667 1600 2697 di-

901 2710 1060 2747 gnissimos
1076 2718 1244 2748 sequemur.
1276 2708 1487 2750 (Digressioin
1500 2710 1601 2740 caudes

903 2752 1034 2791 Thesei.)
1076 2752 1211 2782 Theseus
1235 2753 1342 2782 eodem
1369 2758 1517 2792 ternpore,
1537 2763 1598 2792 quo

902 2796 1055 2825 Hercules
1076 2801 1175 2831 natus,
1196 2796 1321 2825 eandem
1349 2806 1436 2834 qnam
1459 2796 1510 2825 ille
1533 2796 1599 2834 glo·

900 2838 973 2868 riam
987 2838 1144 2869 aemulatus
1160 2843 1216 2868 est.
1262 2839 1398 2877 Uterque
1414 2848 1430 2867 e
1443 2838 1598 2872 fratribus,

901 2881 977 2910 alter
993 2882 1110 2918 aJove,
1123 2891 1140 2911 a
1155 2881 1300 2919 Neptuno
1316 2881 1401 2915 alter,
1416 2879 1522 2920 geniti,
1537 2880 1598 2909 fra-

901 2928 985 2954 terna
996 2934 1116 2964 quoque
1128 2924 1230 2954 studia
1241 2925 1408 2953 habuerunt
1419 2923 1598 2961 generisque

901 2966 1021 2997 humani
1044 2967 1128 3007 quasi
1146 2967 1267 3006 pugiles
1289 2966 1493 3002 exstiterunt;
1515 2963 1599 3005 (ιγ’.)

901 3009 958 3040 hoc
983 3016 1079 3041 tamen
1105 3009 1294 3044 discrimine,
1323 3008 1404 3047 quod
1439 3008 1600 3043 Hercules,

1622 975 1694 1025 Cor.
