1924 3314
252 219 277 257 4
620 216 1026 258 HIERONYMUS
1058 214 1330 275 WOLFIUS

250 328 382 377 phicae
402 334 489 366 sunt
507 334 545 366 et
565 329 693 379 aliqua
713 344 760 367 ex
779 336 886 379 parte
915 341 1035 378 genus
1057 326 1381 377 συμβουλευτικόν.
1436 324 1522 362 Nec
1535 325 1635 361 enim
1655 324 1690 361 ei

256 389 325 436 qui
339 388 406 425 dat
426 388 639 435 consilium,
660 390 732 427 hoc
754 397 899 427 tantum
928 389 1134 426 dicendum
1155 394 1227 432 est,
1249 387 1313 423 Sic
1335 386 1439 430 volo,
1458 386 1514 422 sic
1534 398 1689 429 censeo,

253 447 306 484 ita
336 448 494 497 opinor:
529 449 595 486 sed
624 450 829 486 afferendae
866 456 954 486 sunt
986 449 1165 493 rationes,
1203 459 1272 483 cur
1304 446 1356 482 ita
1384 447 1490 490 velit,
1523 451 1692 489 censeat,

256 507 456 556 opinetur;
487 516 525 547 et
552 510 908 556 demonstrandum,
933 509 970 546 id
994 509 1096 559 quod
1119 508 1268 552 suadet,
1286 505 1368 543 fieri
1386 513 1423 542 et
1439 519 1553 556 posse
1570 513 1608 543 et
1626 505 1693 542 de-

255 567 344 604 bere
365 575 401 604 et
422 569 615 618 expedire.
672 571 757 607 Jam
779 570 945 607 consiliis
964 576 1002 606 et
1018 569 1143 612 sactis,
1166 580 1253 616 quae
1275 567 1334 603 vel
1352 566 1512 602 honesta
1532 572 1570 603 et
1589 572 1694 602 recta

255 642 338 666 esse
357 630 417 666 vel
447 632 573 680 turpia
594 638 631 668 et
651 642 766 679 prava
794 636 959 675 constat,
988 635 1123 678 parata
1144 634 1203 666 est
1223 633 1289 665 aut
1308 628 1389 665 laus
1421 633 1486 664 aut
1505 627 1695 676 vitupera-

254 689 322 725 tio.
364 691 404 726 Si
424 703 498 726 non
518 697 683 737 constat,
714 691 939 727 arbitrorum
961 695 1000 726 et
1022 690 1202 737 judicum
1229 687 1512 736 disceptatione
1537 694 1694 725 contro-

253 749 374 785 versia
405 749 610 786 dirimitur.
668 750 860 786 Doctrina
888 749 1004 798 igitur
1027 748 1293 796 institutioque
1322 746 1524 784 consilium
1549 753 1589 783 et
1608 759 1694 783 sua-

253 808 408 854 sionem,
429 810 552 846 suasio
574 809 845 853 laudationem,
866 809 1040 846 laudatio
1060 821 1146 857 quae
1169 813 1359 845 certarum
1380 820 1504 843 rerum
1525 813 1596 853 est,
1615 806 1694 843 dis-

254 870 511 917 ceptationem
544 882 631 918 quae
661 876 718 906 est
746 870 962 917 dubiarum,
988 868 1196 906 antecedit.
1254 867 1332 905 Sed
1353 867 1436 904 haec
1465 880 1540 904 non
1570 867 1695 916 magni

249 935 336 964 sunt
358 929 523 966 momnti
550 942 558 965 ε
592 936 630 966 et
656 929 876 978 quicunque
903 929 1000 966 ordo
1031 934 1214 972 servetur,
1247 929 1391 976 cuique
1422 926 1584 963 liberum
1623 932 1694 971 est,

254 1001 335 1025 eam
357 989 521 1038 primum
539 990 661 1038 legere
681 992 894 1027 orationem
915 1002 1030 1039 quam
1052 989 1124 1026 sibi
1139 987 1372 1037 aptissimam
1393 1000 1475 1025 esse
1492 987 1653 1037 putarit.

309 1048 561 1086 Transeamus
581 1049 696 1099 igitur
711 1050 757 1087 ad
773 1051 1066 1088 conversionem
1083 1055 1271 1094 nostram,
1283 1048 1408 1097 deque
1424 1061 1468 1084 ea
1487 1048 1693 1085 Lectorem

255 1109 388 1157 paucis
409 1123 643 1148 moneamus.
698 1112 758 1148 Ad
791 1111 902 1160 liujus
927 1110 1229 1160 eloquentissimi
1254 1115 1293 1147 et
1313 1109 1578 1158 sapientissimi
1608 1108 1697 1146 scri-

255 1170 377 1217 ptoris
406 1171 608 1209 lectionem
638 1172 826 1210 assiduam
857 1169 1046 1222 Tybingae
1076 1172 1267 1209 excitatus
1297 1183 1392 1217 sum,
1425 1170 1552 1208 studio
1579 1175 1619 1206 et
1637 1169 1694 1207 in—

257 1229 400 1268 dustria
444 1233 574 1269 Iacobi
613 1233 808 1283 Scheggii,
853 1246 952 1270 anno
994 1232 1133 1269 Salutis
1166 1230 1353 1269 restitutae
1405 1241 1456 1267 M.
1481 1241 1523 1267 D.
1545 1241 1694 1268 xxxv.

257 1291 379 1327 aetatis
399 1304 492 1329 meae
519 1303 620 1330 XIX.
650 1293 731 1342 qui,
752 1299 794 1330 ut
825 1293 879 1330 vir
904 1299 962 1330 est
982 1306 1057 1330 non
1088 1292 1291 1330 excellenti
1311 1298 1457 1329 tanturn
1478 1291 1630 1339 ingenio
1655 1298 1696 1329 et

257 1351 423 1388 omnium
445 1352 731 1402 disciplinarum
754 1355 888 1404 capaci
909 1353 1096 1403 praeditus
1123 1354 1304 1402 omnique
1339 1352 1487 1389 liberali
1506 1351 1696 1399 doctrina,

258 1410 515 1461 philosophiae
531 1414 566 1450 iu
582 1414 714 1463 primis
734 1420 772 1452 et
793 1415 884 1452 artis
905 1414 1068 1452 medicae
1082 1414 1240 1451 scientia
1255 1414 1446 1463 exquisita
1467 1413 1694 1463 perpolitus,

260 1472 326 1509 sed
373 1474 550 1523 singulari
592 1476 705 1513 etiam
763 1477 999 1514 humanitate
1049 1481 1218 1520 ornatus,
1262 1475 1398 1513 Ioanni
1444 1475 1694 1521 Scheubelio,

259 1531 411 1569 Euclidi
453 1541 594 1572 nostrae
639 1537 776 1581 aetatis,
812 1543 850 1574 et
879 1536 970 1573 mihi
1003 1537 1185 1585 Evagorae
1221 1535 1481 1573 laudationem
1517 1536 1695 1586 privatim

259 1590 500 1642 interpretari
522 1608 597 1632 non
618 1603 675 1634 est
695 1604 884 1646 gravatus.
943 1597 1041 1640 Quae
1063 1597 1153 1634 mihi
1175 1610 1234 1634 res
1255 1602 1398 1634 tautam
1426 1597 1607 1634 Isocratis
1628 1598 1697 1635 ad-

259 1652 496 1692 mirationem
517 1658 646 1703 movit,
675 1665 713 1695 ut
744 1672 788 1695 ex
817 1671 862 1695 eo
893 1665 1065 1707 tempore
1085 1658 1144 1694 vix
1175 1657 1290 1694 ullum
1320 1658 1398 1694 sive
1420 1657 1597 1695 Latinum
1622 1658 1698 1697 sive

261 1712 442 1752 Graecum
463 1717 688 1765 scriptorem
708 1718 763 1754 illi
785 1725 1026 1767 anteponam.
1084 1719 1191 1763 Post,
1213 1731 1330 1768 quum
1351 1731 1452 1755 anno
1469 1729 1519 1756 M.
1536 1729 1576 1757 D.
1592 1730 1695 1757 XLV.

261 1773 460 1813 incelebri
489 1778 654 1826 quadam
686 1780 777 1816 urbe
801 1780 965 1817 selectos
986 1780 1250 1818 adolescentes
1283 1780 1478 1827 docerem,
1509 1781 1698 1818 industria

259 1840 297 1868 et
318 1835 404 1872 vitae
424 1837 612 1875 modestia
632 1839 724 1876 milii
754 1840 908 1876 laudem
927 1847 965 1877 et
985 1841 1143 1890 gratiam
1166 1841 1339 1891 peperit:
1370 1854 1466 1891 quas
1495 1855 1515 1878 e
1537 1842 1697 1891 vestigio

259 1892 430 1932 insecuta
452 1897 600 1934 Invidia
619 1905 658 1935 et
677 1901 753 1936 Ate
775 1900 906 1937 nescio
927 1914 1015 1950 quae
1036 1902 1213 1951 pessimis
1232 1902 1381 1940 artibus
1410 1908 1449 1940 et
1467 1903 1698 1952 capitalibus

259 1953 406 1992 insidiis
438 1959 615 2008 persequi
637 1972 694 1996 me
723 1973 798 1997 non
828 1961 932 2011 prius
953 1962 1113 2006 destitit,
1145 1976 1262 2012 quam
1284 1963 1410 2001 invitis
1430 1970 1468 2001 et
1488 1964 1554 2001 diu
1587 1976 1700 2014 repu-

260 2016 463 2063 gnantibus
483 2019 527 2055 iis
558 2033 721 2068 quorum
742 2029 824 2059 erat
855 2024 1064 2061 auctoritas
1083 2025 1288 2074 (putabant
1316 2025 1416 2062 enim
1446 2024 1517 2061 viri
1545 2025 1696 2075 optimi,

260 2076 352 2112 nihil
375 2078 464 2115 mihi
494 2080 652 2129 periculi
673 2096 771 2128 csse,
801 2083 920 2133 ignari
943 2085 1087 2122 scilicet
1118 2085 1270 2123 illorum
1291 2086 1496 2131 scelerum,
1527 2085 1594 2123 sed
1620 2099 1698 2124 me-

261 2136 479 2177 lancholicis
526 2155 583 2178 me
622 2143 768 2181 turbari
807 2146 1104 2194 cogitationibus
1139 2161 1184 2185 ex
1221 2148 1443 2185 assiduitate
1483 2147 1697 2185 studiorum

261 2198 374 2246 natis)
390 2207 426 2236 et
443 2201 675 2240 doctissimis
692 2205 912 2255 quibusque
929 2207 1066 2244 frustra
1086 2221 1145 2245 me
1162 2208 1324 2245 retinere
1340 2208 1588 2258 cupientibus
1608 2209 1699 2259 fuga

260 2258 418 2323 salutem
448 2273 617 2309 quaerere
653 2266 856 2315 coegisset.
914 2267 1013 2310 Quae
1052 2269 1140 2319 fuga
1171 2283 1253 2306 mea
1292 2270 1443 2307 inbelli
1474 2270 1697 2309 Germanici

261 2319 365 2355 mitia
398 2320 548 2367 incidit,
581 2330 621 2359 ut
647 2326 794 2372 privata
820 2339 902 2363 mea
931 2328 1131 2366 calamitas
1161 2343 1247 2367 cum
1277 2330 1444 2380 publicis
1485 2331 1698 2381 conjuncta

260 2391 445 2415 summam
466 2381 556 2417 'mihi
574 2382 879 2432 desperationem
896 2399 1022 2425 rerum
1044 2389 1214 2426 omnium
1236 2389 1399 2428 afferret.
1456 2392 1698 2430 Sustentatus

261 2439 375 2505 igitur
387 2441 433 2477 ad
452 2447 602 2491 tempus
622 2446 773 2493 patroni
788 2447 990 2496 cujusdam
1007 2456 1046 2487 et
1060 2451 1211 2499 paterni
1231 2451 1358 2496 amici,
1378 2452 1577 2490 clarissimi
1597 2454 1698 2504 opti-

263 2512 390 2565 mique
418 2502 500 2548 viri,
533 2504 775 2552 liberalitate,
796 2514 963 2556 quatuor
988 2512 1162 2550 converti
1182 2513 1388 2559 orationes,
1408 2513 1698 2562 Archidamum,

265 2559 530 2610 1'lnlippicam,
562 2565 610 2601 de
633 2567 743 2612 Pace,
764 2569 1089 2620 Areopagiticam,
1121 2575 1259 2623 partim
1287 2574 1440 2612 levandi
1461 2576 1532 2613 mei
1553 2576 1698 2614 doloris

263 2633 392 2686 causa,
418 2624 556 2672 partim
588 2639 655 2676 spe
687 2628 952 2669 innotescendi
979 2634 1141 2672 eruditis
1162 2643 1202 2673 et
1238 2637 1450 2675 remedium
1469 2637 1626 2688 aliquod
1649 2638 1703 2676 af-

261 2680 375 2748 flictae
405 2683 571 2723 fortunae
593 2699 687 2725 meae
708 2689 939 2731 inveniendi.
995 2694 1147 2738 Quibus
1178 2697 1364 2735 Basileam
1396 2698 1534 2744 allatis,
1563 2706 1700 2737 auctor

261 2743 351 2779 mihi
390 2743 462 2782 suit
490 2747 685 2796 Oporiuus
715 2752 833 2789 totius
868 2753 1047 2792 Isocratis
1081 2758 1355 2796 convertendi:
1399 2759 1515 2809 idque
1553 2759 1696 2797 sactum

260 2803 481 2852 Argentiuae
502 2819 602 2845 anno
624 2819 845 2849 MDvaH.
867 2813 903 2850 in
920 2815 1068 2853 aedibus
1089 2817 1236 2855 Medici
1252 2819 1495 2857 celeberrimi
1512 2825 1550 2857 et
1563 2820 1699 2858 veteris

260 2863 385 2908 amici,
409 2866 566 2905 Sebuldi
591 2870 880 2919 liuvenreuteri,
903 2876 970 2923 qui
993 2877 1082 2914 mihi
1103 2877 1260 2916 domum
1281 2880 1502 2930 victumque
1530 2892 1698 2917 commu-

261 2925 438 2972 uvmjam
463 2935 549 2966 ante
584 2930 846 2971 liberalissime
868 2936 1074 2984 obtulerat,
1103 2952 1227 2990 neque
1252 2940 1290 2977 in
1320 2940 1422 2979 hunc
1451 2953 1572 2991 usque
1593 2940 1696 2979 diem
