1924 3314
259 193 315 235 48
794 192 852 233 H.
886 189 1189 232 STEPHANl

314 303 530 350 ΚΑΙΝΩΣ,
548 302 762 355 Ἰσοκράτης
774 302 1039 355 Πανηγυρικῷ,
1055 300 1135 341 οἷον
1153 305 1202 345 ὣς
1223 307 1301 345 τοῖς
1316 303 1506 353 νεωτέροις
1523 302 1717 350 ἁρμόττειν

259 369 493 418 πράγμασιν.
519 364 684 417 ’Ἔφορος
718 364 758 403 δὲ
790 367 924 416 τρόπον
954 368 1039 404 τινά
1069 364 1274 413 ἐξηγήσατο
1305 363 1395 402 αὑτὸ
1425 363 1466 402 ἐν
1497 366 1542 415 τῇ
1573 362 1714 415 πρώτῃ.

261 429 568 477 HARPOCRAT.

310 489 526 540 ΚΑΙΝΩΣ,
548 488 668 527 Isocr.
690 492 790 526 orat.
813 487 1091 538 Panegyrico:
1121 488 1180 525 ila
1201 484 1379 524 videlicet
1402 489 1447 522 ut
1477 485 1590 523 rebus
1608 484 1718 522 novis

258 552 457 590 convenire
476 555 603 601 queat.
649 549 836 599 Ephorus
854 554 980 586 autem
1000 547 1106 587 illud
1122 545 1400 599 quodammodo
1420 548 1598 596 exposuit
1616 545 1716 584 libro

251 614 397 664 primo.
453 613 581 650 Locus
601 611 664 648 hie
693 616 751 648 est
781 610 885 647 idem
912 611 978 660 qui
1009 616 1049 647 et
1075 609 1112 646 in
1133 622 1227 646 voce
1247 611 1416 660 ἀρχαίως
1435 607 1488 645 ab
1507 621 1553 645 eo
1573 608 1713 646 citatus

258 674 330 711 fuit
349 687 395 711 ex
415 674 550 711 eadem
572 672 763 709 oratione.
794 671 848 708 ibi
868 671 970 708 enim
990 676 1083 721 post
1102 672 1270 722 ἀρχαίως
1285 669 1434 714 scribit,
1450 668 1573 706 Isocr.
1590 669 1712 706 Pane-

255 735 389 787 gyrico
410 739 441 782 ξ.
462 734 509 773 α’.
539 733 586 772 τοί
604 749 641 771 τε
662 735 810 770 παλαιά
837 739 973 775 καινῶς
1002 731 1173 777 διελθεῖν,
1195 733 1254 768 καὶ
1273 733 1350 781 περὶ
1369 737 1442 769 τῶν
1463 731 1594 767 νεωστὶ
1612 745 1715 778 γενο-

254 799 376 848 μένων
395 797 561 848 ἀρχαίως
581 798 710 835 εἷπεῖν.
769 793 891 843 Cujus
913 793 1116 845 scripturae
1147 793 1342 831 minimum
1373 799 1432 831 est
1462 791 1672 830 discrimen
1692 804 1714 829 a

254 865 389 897 nostra
416 858 532 906 (circa
562 856 678 906 hujus
706 855 891 894 orationis
922 855 1195 906 principiun1);
1237 861 1387 891 tantum
1421 854 1523 892 enim
1548 866 1620 903 pro
1645 853 1712 891 illo

255 918 418 957 διελθεῖν
438 920 626 957 habemus
647 917 844 964 διεξελθεῖν
863 921 999 967 (quum
1019 917 1130 954 multi
1149 916 1224 954 sint
1239 916 1316 954 loci
1338 916 1405 966 qui
1427 922 1466 955 et
1485 915 1561 952 hoc
1581 914 1713 962 διεξελ-

255 979 338 1018 θεῖν
359 982 617 1031 comprobare
644 980 819 1030 possint:
852 985 890 1017 et
908 979 1065 1030 quidem
1086 992 1202 1016 unum
1225 992 1271 1017 ex
1298 978 1345 1015 iis
1365 978 1539 1027 legamus
1560 977 1597 1014 in
1619 990 1710 1026 pro·

255 1042 354 1080 xime
375 1049 562 1092 sequente
584 1042 722 1092 pagina
742 1045 772 1089 ξ.
794 1040 845 1087 β’.
867 1042 926 1078 καὶ
946 1040 1196 1092 διεξέρχονται
1217 1040 1286 1082 τάς
1306 1055 1343 1077 τε
1365 1042 1559 1090 συμφοράς
1579 1041 1650 1082 τᾶς
1671 1039 1712 1078 ἐκ

254 1109 318 1141 τοῦ
338 1107 503 1155 πολέμου
529 1109 594 1142 τοῦ
620 1104 710 1154 πρὸς
730 1105 923 1148 ἀλλήλους
955 1105 1043 1154 ἡμῖν
1065 1103 1351 1151 γεγενημένας),
1379 1109 1416 1138 et
1450 1103 1711 1151 γεγενημένων

252 1178 324 1215 pro
344 1169 571 1217 γενομένων.
629 1166 822 1203 Caeterum
854 1165 891 1202 in
922 1164 1057 1202 eadem
1086 1164 1149 1201 illa
1167 1164 1350 1202 vocabuli
1381 1165 1552 1216 ἀρχαίως
1578 1163 1708 1202 obser-

254 1226 422 1271 vatione,
444 1227 578 1276 paucis
598 1225 831 1275 interjectis,
853 1225 988 1263 addit:
1019 1224 1244 1271 Θουκυδίδης
1263 1225 1304 1262 ἑν
1320 1228 1365 1276 τῇ
1382 1226 1505 1279 πρώτῃ
1523 1231 1596 1263 τῶν
1613 1224 1710 1264 ἱστο-

252 1294 339 1337 ριῶν
361 1289 495 1338 τρόπον
515 1291 598 1326 τινὰ
624 1288 843 1335 ἐξηγήσατο.
866 1293 903 1324 at
926 1287 989 1325 hic
1013 1287 1188 1324 videmus
1204 1286 1252 1324 de
1272 1287 1431 1336 Ephoro
1453 1286 1555 1325 idem
1577 1287 1710 1333 scribi,

250 1348 288 1386 id
319 1353 391 1392 est,
424 1361 512 1386 eum
544 1348 621 1386 dici
654 1347 819 1385 eundem
855 1347 963 1385 illum
996 1348 1123 1385 locum
1156 1348 1291 1397 τρόπον
1322 1351 1405 1385 τινα
1440 1348 1709 1396 ἐξηγήσασθαι.

251 1410 340 1453 Qua
360 1409 409 1446 de
426 1422 468 1446 re
489 1408 585 1447 alius
606 1409 679 1447 erit
698 1408 853 1446 dicendi
875 1408 999 1446 locus.

303 1470 481 1507 ΚΑΚΩΣ
502 1470 652 1516 εἰδότες,
686 1470 770 1507 α’ντὶ
784 1520 788 1522 ἡ
802 1474 864 1507 τοῦ
906 1472 1147 1518 α’γνοοῦντες,
1179 1470 1398 1521 Ἰσοκράτης
1429 1472 1510 1521 περὶ
1546 1473 1707 1520 εἰρήνης.

251 1533 562 1572 HARPOCRAT.

303 1596 482 1634 ΚΑΚΩΣ
498 1595 631 1633 εἰδότες
650 1594 705 1643 (id
727 1602 799 1641 est,
819 1593 914 1632 mule
929 1595 1102 1638 scientes,
1126 1593 1157 1631 si
1177 1593 1334 1632 verbum
1353 1594 1472 1632 verbo
1492 1594 1709 1643 reddatur),

242 1669 320 1707 pro
342 1658 585 1708 ignorantes,
609 1656 799 1694 Isocrates
813 1655 877 1693 De
892 1667 1000 1706 pace.
1059 1655 1331 1704 Excogitatum
1353 1655 1518 1694 fortasse
1539 1655 1612 1694 fuit
1632 1657 1707 1695 hoc

248 1719 429 1769 loquendi
450 1732 570 1768 genus
589 1718 637 1756 ad
661 1718 914 1756 imitationem
944 1717 1046 1754 illius
1068 1716 1173 1767 quod
1196 1717 1231 1754 ei
1252 1718 1479 1766 opponitur,
1499 1716 1538 1755 εὖ
1555 1717 1707 1761 εἰδότεςε

246 1780 416 1830 quamvis
439 1780 499 1818 hic
518 1778 557 1817 εὖ
580 1779 658 1817 dici
679 1785 795 1829 queat
828 1778 1126 1828 pleonasticum.
1183 1779 1243 1816 Ac
1275 1791 1323 1815 ne
1353 1778 1429 1816 hoc
1451 1779 1607 1828 quidem
1638 1779 1709 1817 ob-

247 1848 397 1880 servatu
421 1842 620 1891 indignum
634 1847 705 1886 est,
723 1840 949 1878 adverbium
971 1845 1090 1882 κακῶς
1109 1839 1248 1878 eumin
1268 1839 1343 1877 hoc
1363 1840 1547 1890 loquendi
1568 1853 1707 1891 genere

247 1903 391 1942 habere
422 1916 531 1940 usum
562 1915 675 1952 quem
707 1901 824 1939 babet
851 1900 995 1939 alicubi
1021 1900 1116 1939 male
1135 1900 1259 1951 (quod
1282 1901 1316 1938 ei
1336 1902 1440 1951 apud
1472 1902 1632 1941 Latinos
1651 1916 1710 1942 re·

241 1966 441 2017 spondet),
458 1966 574 2003 veluti
591 1965 656 2003 ubi
674 1964 816 2002 dicitur
835 1963 883 2001 de
900 1976 977 2001 non
997 1977 1092 2002 sano
1113 1963 1210 2001 male
1223 1976 1362 2006 sanus;
1389 1964 1455 2015 qni
1475 1972 1514 2002 et
1528 1965 1704 2003 insanus.

247 2028 392 2066 Ovidio
413 2033 539 2065 autem
559 2039 641 2077 prae
661 2026 744 2064 aliis
767 2026 830 2063 hic
849 2025 1022 2064 adverbii
1043 2025 1152 2063 istius
1173 2037 1266 2062 usus
1285 2031 1345 2063 est:
1365 2025 1579 2064 familiaris.
1622 2026 1707 2064 Cae-

246 2094 367 2127 terum
396 2101 471 2126 non
502 2087 637 2125 debuit
669 2087 957 2137 Harpocration
990 2086 1162 2137 aliquem
1191 2092 1340 2124 tantum
1371 2100 1418 2125 ex
1448 2087 1623 2126 oratione
1646 2087 1706 2127 De

246 2163 343 2200 pace
364 2158 501 2188 testem
522 2149 664 2188 citare:
698 2161 818 2198 quum
839 2154 877 2186 et
897 2148 991 2186 alibi
1013 2149 1156 2199 passim
1176 2154 1330 2187 exstent
1348 2148 1386 2186 in
1407 2148 1492 2186 aliis
1511 2148 1597 2198 ejus
1617 2162 1704 2188 ora-

245 2207 511 2251 tionibus'loci
532 2225 579 2249 ex
600 2211 741 2260 quibus
763 2211 984 2249 testimonia
1005 2211 1084 2261 peti
1105 2217 1282 2261 possunt.
1340 2212 1486 2250 Eorum
1505 2225 1526 2249 e
1545 2225 1705 2252 numero

247 2274 344 2312 duos
368 2274 518 2319 saltem,
539 2274 604 2321 qui
633 2273 670 2310 in
701 2272 865 2311 Panatli.
890 2273 1086 2323 leguntur,
1107 2273 1291 2311 memoria
1320 2285 1404 2311 mea
1423 2273 1704 2324 suppeditabit.

248 2336 358 2376 Unus
378 2342 433 2374 est
453 2339 483 2383 ξ.
504 2334 560 2382 ξέ.
581 2342 699 2378 κακῶς
716 2334 851 2377 εἰδότες
864 2337 914 2378 ὡς
930 2335 1016 2377 τοὺς
1035 2333 1104 2386 μὲν
1119 2337 1391 2386 θεραπεύοντας
1412 2335 1526 2374 αὑτὸν
1541 2334 1705 2387 ὑβρίζειν

246 2397 423 2437 εἴθισται.
452 2398 520 2435 ubi
563 2404 687 2436 tamen
727 2397 918 2447 interpres
954 2398 1067 2434 vertit
1084 2409 1093 2434 τ
1141 2401 1187 2434 ut
1224 2408 1303 2434 non
1341 2396 1704 2437 animadvertamus.

246 2460 398 2506 Altero,
419 2463 450 2507 ξ.
471 2459 532 2496 σε’.
553 2465 671 2501 κακῶς
690 2458 825 2501 εἰδότες
844 2461 893 2501 ὡς
913 2456 1017 2496 οὐδὲν
1037 2458 1111 2497 οὔτ’
1131 2457 1237 2496 ὅσιον
1256 2456 1337 2496 οὔτε
1357 2459 1475 2497 καλόν
1495 2458 1574 2497 ἐστι
1593 2458 1635 2497 τὸ
1653 2461 1702 2510 μὴ

246 2523 341 2572 μετά
362 2519 594 2565 δικαιοσῦνης
613 2521 673 2557 καὶ
687 2520 892 2570 λεγόμενον
911 2520 970 2557 καὶ
989 2521 1257 2570 πραττόμενον.

299 2581 560 2628 ΚΗΡΥΚΕΣ,
586 2582 802 2633 Ἰσοκράτης
830 2582 1098 2634 Πανηγυρικῷ.
1115 2583 1227 2630 γένος
1247 2581 1348 2620 ἐστὶν
1369 2582 1410 2620 ἐν
1436 2579 1626 2626 Ἀθήναις
1645 2581 1706 2621 οὕ·

243 2662 316 2688 τως
353 2646 642 2696 ὀνομαζόμενον.
690 2645 858 2689 κέκληται
899 2643 935 2682 δὲ
973 2644 1047 2682 ἀπὸ
1080 2644 1248 2694 Κὴρυκος
1283 2648 1347 2681 τοῦ
1382 2642 1539 2694 Ἑρμοῦ.
1579 2643 1703 2682 HAR-

246 2717 446 2746 PocRAT.

297 2767 566 2813 ΚΗΡΥΚΕΣ,
595 2766 784 2806 Isocrates
812 2766 970 2819 Paneg.
1008 2767 1141 2820 Stirps
1170 2765 1347 2819 quaedam
1366 2771 1421 2805 est
1442 2765 1613 2804 Athenis
1631 2765 1703 2806 Ιιοσ

241 2832 408 2871 nomine.
433 2830 603 2869 Vocatur
620 2834 746 2868 autem
765 2842 788 2867 α
807 2830 970 2880 quodam
986 2829 1154 2880 Kame,
1175 2831 1242 2881 qui
1262 2828 1458 2868 Mercurii
1463 2826 1587 2879 filius
1594 2827 1701 2879 fuit.

244 2895 365 2932 Vetto
385 2893 438 2932 ita
459 2893 532 2932 ἀπὸ
564 2894 730 2941 Κήρυκος
751 2899 814 2929 τοῦ
842 2892 990 2944 Ἑρμοῦ,
1024 2892 1129 2943 quod
1152 2892 1366 2931 existimem
1386 2889 1588 2929 subaudiri
1607 2890 1700 2937 υἱοῦ,

244 2961 285 2993 ut
300 2968 435 2993 omnes
451 2960 593 2993 norunt
610 2954 709 2992 banc
730 2952 883 3002 ellipsin
906 2967 989 2991 esse
1011 2953 1375 3002 frequentissimam.
1393 2951 1543 2991 acideo
1561 2952 1699 3003 scripsi
1726 2951 1732 2961 “
