1924 3314
512 193 576 234 IN
611 190 967 234 ISOCRATEM
1003 190 1332 232 DIATRIBAE.
1603 191 1659 231 43

191 308 381 359 φήσασθαι
404 310 478 358 γάρ
496 307 591 355 ἐστὶ,
613 308 653 346 τὸ
674 308 968 358 ἐπισεσυρμένως
990 322 1023 344 τι
1044 310 1175 351 ποιεῖν,
1197 306 1256 368 καὶ
1274 307 1325 357 μὴ
1347 307 1440 342 κατεῖ
1459 306 1525 350 τὴν
1544 320 1657 354 προσ·

193 370 359 414 ἥκουσαν
379 368 588 420 ἀκρίβειαν.
621 370 934 413 HARPOCRAT.

242 431 809 477 ΔΙΕΣΚΑΡΙΦΗΣΑΜΕΘΑ,
830 431 875 470 id
895 436 965 477 est,
985 430 1239 469 dissolvimus.
1281 429 1382 468 Nam
1404 430 1582 482 σκάριφον
1603 433 1660 467 est

191 491 290 530 idem
316 494 422 545 quod
445 494 582 547 κάρφος
607 499 643 531 et
672 494 879 546 φρύγανον.
905 493 988 532 Izaec
1008 497 1135 530 autem
1154 496 1247 530 sunt
1268 491 1457 542 ejusmodi
1482 490 1659 542 utsucile

189 554 457 594 dissolvantur
481 561 519 594 et
531 556 644 607 flatu
672 557 938 594 excutiantur.
998 555 1118 593 Isocr.
1145 555 1188 592 in
1217 559 1317 592 orat.
1341 553 1627 605 Areopagitica
1646 568 1658 592 .·

191 619 272 669 περὶ
298 619 440 667 ἐγγύης
468 618 504 656 δὲ
530 617 912 672 διεσκαριφησάμεὲα.
970 617 1073 655 Ναηι
1095 615 1404 668 σκαριφήσασὲαι
1424 621 1480 654 est
1505 614 1662 667 aliquid

189 680 495 730 raptimfacere,
521 685 560 718 et
581 693 660 719 non
686 686 765 719 tam
789 684 970 718 accurate
996 692 1111 731 quam
1131 691 1211 729 par
1229 683 1300 717 est.
1357 678 1474 729 Apud
1498 678 1658 716 Suidam

189 741 323 779 eadem
345 742 552 792 leguntur:
586 742 659 781 nisi
687 741 795 792 qnod
818 742 899 792 ipse
929 740 1113 779 Isocratis
1141 741 1249 778 locus
1272 754 1348 778 non
1371 740 1556 778 affertur:
1588 739 1655 778 sed

191 801 276 840 ltaec
303 804 433 849 verba,
453 805 568 846 οὕτως
595 804 826 854 Ἰσοκράτης,
849 803 1040 852 sequitur,
1067 801 1373 853 σκαριφὴσασὲαι
1401 802 1480 839 ἐστὶ
1509 802 1549 840 τὸ
1578 802 1657 840 ε’πι·

191 879 345 914 σεσυρμ.
366 869 443 901 etc.
491 864 582 901 Nou
606 864 676 901 abs
695 877 736 901 re
762 869 889 901 autem
912 862 999 912 quis
1021 863 1058 899 in
1081 862 1151 899 hac
1177 862 1501 912 Harpocrationis
1522 862 1657 901 obser-

187 925 341 963 vatione
361 925 542 976 quaedam
569 925 754 964 miretur:
785 925 967 976 primum,
989 924 1091 962 unde
1123 924 1198 962 sint
1221 924 1299 962 illae
1320 924 1409 962 duae
1432 937 1548 962 voces
1577 928 1657 976 περὶ

184 985 340 1034 ἐγγύης,
369 999 466 1037 quas
496 986 615 1024 verbo
646 986 1009 1039 ὃιεσκαριφησοίμεθα
1041 985 1237 1036 praefigit:
1269 985 1427 1032 deinde,
1455 987 1657 1037 quomodo

185 1054 354 1098 exponat
380 1049 498 1087 verbo
526 1048 764 1101 διελύσαμεν,
796 1062 915 1100 quum
945 1049 1020 1086 hoc
1051 1048 1178 1098 ipsum
1209 1048 1258 1086 ab
1289 1048 1464 1087 Isocrate
1495 1049 1655 1088 verbum

184 1107 444 1160 subjungatur
467 1110 590 1160 (apud
619 1124 706 1148 eum
735 1110 835 1148 enim
861 1110 1041 1161 legimus,
1063 1109 1126 1147 illa
1146 1110 1182 1147 in
1205 1110 1380 1149 oratione
1413 1114 1444 1159 ξ.
1466 1112 1505 1149 ε’.
1523 1111 1655 1150 οὐδένα

183 1173 321 1221 χρόνον
340 1175 411 1215 τάς
432 1172 611 1226 εὐτυχίας
627 1179 836 1228 κατασχεῖν
857 1171 1108 1224 ἠδυνήθημεν,
1130 1174 1236 1210 &Md
1258 1175 1403 1225 ταχέως
1423 1172 1655 1227 ὃιεσκαριφη-

185 1232 337 1284 σάμεὲα
355 1236 414 1272 καὶ
431 1234 656 1285 ἒιελὺσαμεν
680 1237 835 1285 αὺτάς);
864 1242 1076 1286 postremo,
1098 1234 1298 1285 quomodo
1317 1249 1404 1273 cum
1427 1237 1654 1287 praecedeu-

184 1293 288 1333 tibus
308 1296 534 1335 cohaereant
554 1297 626 1336 ista
647 1310 736 1348 quae
758 1297 1034 1348 Aristophanis
1051 1298 1180 1336 locum
1202 1305 1442 1349 sequuntur:
1476 1303 1655 1353 σκαριφῆ-

183 1356 327 1396 masat
353 1361 428 1410 γάρ
454 1359 545 1406 ἐστὶ,
573 1360 613 1397 τὸ
643 1360 858 1410 ἐπισεσυρμ.
887 1366 962 1398 etc.
1008 1359 1132 1409 Cujus
1157 1361 1256 1398 enim
1288 1362 1342 1399 rei
1368 1362 1560 1401 rationem
1592 1364 1654 1402 hic

181 1423 373 1472 particula
402 1427 478 1474 γάρ
505 1424 649 1472 reddit,
674 1438 797 1476 quum
827 1424 901 1463 alia
931 1423 980 1463 sit
1008 1424 1168 1463 omniuo
1196 1426 1405 1477 expositio,
1425 1440 1471 1465 ac
1497 1428 1653 1467 minime

182 1497 272 1522 cum
296 1486 548 1536 praecedente
570 1486 836 1525 conveniens?
879 1487 956 1526 Sed
980 1487 1058 1526 duo
1081 1494 1170 1525 sunt
1190 1501 1324 1526 eorum
1346 1502 1435 1540 quae
1465 1491 1653 1541 proposui

182 1549 220 1586 in
241 1549 385 1600 quibus
405 1563 475 1588 nos
496 1551 737 1601 aliquantum
760 1551 898 1590 Suidas
917 1551 1048 1601 juvat.
1107 1553 1172 1590 Ac
1198 1552 1364 1604 primum
1385 1554 1433 1592 ad
1459 1555 1558 1593 hanc
1580 1569 1652 1606 po-

183 1611 387 1649 steriorem
407 1613 694 1663 expositionem
715 1614 822 1664 quod
844 1615 996 1660 attinet,
1016 1615 1119 1665 apud
1138 1628 1224 1653 eum
1247 1616 1386 1654 vocula
1407 1619 1482 1668 γάρ
1499 1617 1551 1655 illi
1575 1631 1650 1656 non

181 1672 403 1721 adhibetur,
432 1674 500 1712 sed
529 1675 684 1725 legitur,
709 1675 1017 1727 σκαριφήσασὲαι
1044 1678 1125 1715 ἐστὶ
1149 1677 1191 1716 τὸ
1219 1678 1318 1716 ἑπισ.
1347 1684 1387 1716 ut
1417 1686 1530 1717 antea
1557 1680 1651 1719 dixi.

180 1733 266 1772 Nec
296 1734 435 1773 dubito
463 1737 556 1786 quin
583 1737 722 1774 omissa
747 1737 865 1775 fuerit
894 1737 1085 1788 particula
1106 1738 1344 1787 disjunctiva
1371 1747 1460 1778 aute
1489 1742 1651 1780 verbum

178 1797 494 1850 σκαριφὴσασὲαι,
516 1804 553 1835 et
578 1798 771 1849 Harpocr.
795 1799 985 1849 scriptum
1008 1799 1221 1850 reliquerit,
1244 1801 1265 1845 ἢ
1289 1810 1434 1853 σκαριφ.
1457 1809 1498 1839 ut
1526 1816 1570 1840 ea
1594 1805 1650 1842 uti

178 1871 261 1896 mos
282 1866 341 1897 est
357 1872 476 1910 quum
497 1859 647 1898 diversa
664 1860 856 1910 expositio
873 1861 1118 1911 proponitur.
1178 1861 1339 1912 Alioqui
1358 1863 1502 1901 dicitur
1518 1865 1649 1912 etiam,

177 1925 271 1959 κατά
292 1921 329 1959 δὲ
343 1921 428 1965 τούς
448 1923 605 1968 ἄλλους,
619 1923 679 1960 vel
696 1922 844 1973 aliquid
863 1923 951 1962 tale.
1011 1923 1204 1961 Praeterea
1226 1924 1402 1962 videmus
1424 1926 1649 1976 Harpocra-

179 1983 295 2021 tionis
314 1983 536 2029 lectionem,
552 1985 590 2022 in
612 1984 656 2022 iis
673 1999 761 2035 quae
782 1984 932 2036 profert
953 1991 1135 2036 tanquam
1158 1999 1204 2024 ex
1226 1985 1416 2032 Isocrate,
1438 1994 1475 2024 et
1495 1989 1649 2027 minime

178 2051 305 2083 tamen
327 2058 414 2083 cum
437 2046 577 2084 nostris
604 2048 842 2084 conveniunt
862 2046 949 2094 (nisi
977 2053 1014 2085 et
1041 2047 1079 2085 in
1106 2047 1182 2084 alio
1211 2047 1325 2097 hujus
1348 2048 1534 2087 orationis
1559 2051 1649 2090 loco

178 2107 232 2144 ita
253 2107 372 2145 verbo
394 2107 759 2160 ἓιεσκαριφησείμεθα
782 2109 933 2157 utitur),
949 2122 971 2147 a
987 2109 1103 2147 Suida
1133 2123 1210 2147 nou
1232 2109 1469 2149 confirmari.
1528 2113 1647 2156 Quod

177 2168 206 2206 si
228 2169 315 2219 quis
335 2182 422 2207 eum
451 2169 577 2220 ipsum
599 2184 683 2208 esse
712 2171 840 2209 locum
869 2172 941 2210 sibi
969 2172 1195 2222 persuadet,
1219 2172 1283 2209 sed
1311 2173 1361 2210 ab
1387 2173 1460 2212 hoc
1483 2175 1646 2214 Lexieo-

174 2231 323 2281 grapho
344 2231 451 2270 aliud
476 2245 592 2282 quam
614 2235 694 2284 περὶ
713 2234 855 2282 ἐγγύης
881 2234 1071 2285 scriptum
1099 2234 1230 2280 fuisse,
1253 2243 1383 2274 manet
1402 2237 1556 2276 interim
1581 2239 1646 2278 illa

173 2292 366 2331 dubitatio
388 2307 503 2342 quam
526 2295 628 2333 movi
656 2295 833 2346 primam,
855 2295 1056 2346 quomodo
1086 2296 1178 2333 illud
1207 2297 1441 2335 vocabulum
1464 2298 1646 2353 ἕιεσκαρι-

174 2355 377 2407 φησάμεὲα
407 2363 626 2407 exponatur
655 2370 750 2395 voce
780 2357 1020 2407 διελύσαμεν,
1042 2370 1130 2407 quae
1153 2357 1203 2395 ab
1234 2357 1320 2408 ipso
1351 2359 1524 2398 Isocrate
1554 2376 1643 2400 cum

169 2418 291 2456 altera
312 2418 374 2455 illa
395 2418 500 2457 velut
526 2419 747 2469 copulatur.
806 2421 865 2458 Ac
893 2419 986 2457 mihi
1006 2426 1112 2457 certe
1134 2419 1178 2458 fit
1204 2420 1409 2459 verisimile
1431 2422 1536 2461 illum
1565 2437 1642 2463 non

171 2479 290 2516 verbo
311 2477 547 2530 διελύσαμεν,
569 2481 635 2518 sed
662 2480 796 2531 aliquo
824 2480 901 2518 alio
930 2493 1039 2517 usum
1061 2494 1158 2519 esse.
1219 2482 1333 2520 Aliud
1355 2491 1484 2522 autem
1511 2487 1642 2536 aptius

171 2540 209 2584 in
231 2547 398 2579 mentem
419 2541 514 2579 mihi
536 2555 612 2580 non
635 2543 739 2581 venit
759 2556 873 2592 quam
903 2542 1155 2594 ἒιεῤῥίψαμεν.
1214 2544 1410 2583 Caeterum
1435 2546 1509 2586 alia
1532 2561 1641 2598 quae-

169 2604 261 2643 dam
281 2604 356 2643 lioc
377 2604 426 2643 de
454 2605 574 2644 verbo
594 2610 691 2656 (quo
719 2606 865 2644 nullum
895 2606 931 2643 in
953 2612 1037 2644 toto
1057 2606 1242 2645 Isocratis
1265 2621 1386 2659 opere
1408 2610 1529 2662 magis
1557 2611 1641 2650 aliis

173 2667 398 2706 inusitatum
430 2681 511 2706 esse
543 2668 726 2717 arbitror)
746 2668 783 2706 in
817 2681 902 2706 meo
927 2668 1130 2707 Thesauro
1152 2669 1308 2707 Graecae
1337 2670 1480 2721 linguae
1511 2672 1641 2723 legere

167 2731 330 2782 poteris.
775 2724 780 2729 ⁵

219 2792 564 2838 EIAssTE'YEIN,
582 2792 622 2830 τὸ
642 2791 839 2831 ἓουλεύειν.
872 2792 1089 2844 Ἰσοκράτης
1103 2792 1370 2847 Πανηγυρικῷ.
1394 2794 1543 2839 εἵλωτες
1564 2798 1641 2846 γάρ

167 2855 202 2893 οἱ
231 2856 281 2905 μὴ
305 2855 404 2907 ’γόνῳ
431 2854 557 2892 δοῦλοι
586 2853 915 2906 Λακεέαιμονίων,
945 2857 1033 2893 ἀλλ’
1062 2857 1096 2894 οἱ
1125 2862 1259 2906 πρῶτοι
1294 2856 1536 2909 χειρωθέντες
1564 2866 1638 2897 τῶν

158 2919 276 2961 ’Ἕλος
295 2920 361 2963 τὴν
383 2919 499 2956 πόλιν
518 2918 727 2956 οἰκούντων·
750 2921 799 2961 ὡς
819 2918 932 2957 ἄλλοι
953 2935 990 2958 τε
1011 2921 1146 2959 πολλοὶ
1163 2926 1391 2971 μαρτυροῦσι
1415 2922 1638 2962 κιιὶΈλλά-

170 2994 266 3023 νικος
287 2980 327 3018 ἐν
349 2982 393 3034 τῇ
413 2984 550 3035 πρώτῃ.
585 2981 899 3020 HARPOCRAT.
