1924 3314
468 225 530 266 IN
565 222 915 265 ISOCRATEM
950 221 1274 264 DIATRIBAE.
1548 218 1599 258 21

161 352 278 390 quam
297 339 616 389 compositionem
637 337 879 388 interpretari
894 336 1023 374 malim
1041 349 1050 374 :
1080 336 1226 385 alioqui
1249 347 1322 373 nec
1344 332 1602 372 elocutionem

162 400 292 438 dicere
312 400 574 447 dubitaturus)
601 400 726 437 minus
744 399 783 436 in
806 399 977 436 Isocrate
997 410 1112 445 quam
1130 396 1167 434 in
1185 395 1416 446 quibusdam
1436 392 1518 432 aliis
1536 405 1603 430 ex-

163 467 264 499 stare
283 456 479 501 videatur:
507 461 641 508 altera,
670 460 777 510 quod
808 473 890 498 eam
922 465 1055 497 contra
1083 458 1122 503 in
1144 458 1303 497 Platone
1333 455 1604 506 reprehendat,

163 521 202 558 in
221 534 290 559 sua
318 519 367 558 ad
393 521 467 559 Cn.
498 521 725 572 Pompeium
757 520 936 570 epistola,
967 532 1044 569 qua
1068 518 1123 556 illi
1155 517 1403 567 respondem,
1427 528 1536 553 suam
1557 515 1606 552 de

162 580 338 619 Platonis
357 581 574 620 elocutione
594 584 725 633 (quam
755 581 817 618 ille
839 582 889 618 ab
917 593 969 618 eo
979 579 1255 630 'reprehensam
1279 577 1607 626 conquerebatur)

164 643 393 680 sententiam
422 641 592 692 profert:
638 641 891 692 Reprehendo
919 646 1043 678 autem
1080 638 1237 689 (inquit)
1273 637 1497 695 Platonern,
1529 647 1608 672 non

165 706 347 754 tanquam
368 716 487 741 unum
505 704 717 755 quempiam
735 716 753 741 e
771 702 920 747 mullis,
937 703 1003 740 sed
1021 707 1203 752 tanquam
1222 701 1345 737 virum
1371 710 1555 749 magnum
1572 701 1610 734 et

163 764 232 812 qni
249 776 327 801 mm
347 764 461 814 longe
479 777 501 802 a
520 769 663 801 natura
683 763 816 802 divina
843 762 1028 812 abfuerit,
1053 760 1158 812 quod
1182 760 1293 798 illum
1304 760 1470 809 poeticae
1503 762 1607 794 stru-

164 828 291 861 cturae
325 828 507 861 tumorem
548 826 591 860 in
629 836 815 861 sermones
841 822 1138 871 philosophicos
1175 821 1377 865 invexerit,
1420 818 1610 868 Gorgiam

164 883 381 922 «emulatus.
437 882 533 930 Ejus
553 883 669 919 verba
690 888 802 919 sunt:
831 882 986 931 ἐπιτιμῶ
1006 896 1044 918 τε
1064 884 1135 931 οὺχ
1160 884 1210 922 ὡς
1230 887 1302 918 τῶν
1334 881 1522 929 τυχόντων
1549 895 1611 929 τῳ,

164 945 251 980 ἀλλ’
269 946 319 985 ὡς
338 942 446 992 α’νὸρὶ
472 942 625 994 μεγάλῳ
654 943 713 980 καὶ
731 941 848 989 ἐγγὺς
867 949 931 986 τῆς
957 941 1062 983 θείας
1080 939 1280 986 ἐληλυθότι
1298 941 1451 989 φῦσεως,
1472 939 1527 976 ὅτι
1546 939 1611 976 τὸν

163 1004 277 1053 ὄγκον
295 1011 360 1048 τῆς
379 1012 570 1049 ποιητικῆς
585 1011 811 1048 κατασκευῆς
825 1002 882 1040 ἐπὶ
897 1003 1028 1049 λόγοις
1046 1003 1171 1048 ἤγαγε
1189 1000 1428 1050 φιλοσόφους,
1441 999 1613 1044 ζηλώσας

162 1064 247 1108 τοὺς
276 1067 357 1116 περὶ
387 1065 566 1117 Γοργίαν.
623 1065 693 1102 Est
719 1071 846 1102 autem
867 1063 978 1101 valde
1005 1062 1220 1101 notandum
1245 1061 1339 1099 illud
1369 1063 1444 1114 οὐχ
1470 1065 1519 1103 ὡς
1539 1068 1611 1099 τῶν

163 1128 352 1176 τυχόντων
371 1143 432 1178 τῳ,
453 1139 499 1164 ac
520 1126 551 1164 si
571 1125 735 1172 diceret,
753 1127 788 1162 si
805 1127 893 1176 quis
911 1138 930 1165 e
947 1125 1186 1175 scriptorum
1199 1122 1330 1174 vulg0,
1350 1135 1418 1160 seu
1436 1136 1454 1159 e
1472 1122 1612 1173 vulga-

163 1187 272 1227 ribus
298 1186 556 1241 scriptoribus
583 1187 659 1235 (vel
686 1187 720 1225 si
747 1188 834 1238 quis
867 1199 886 1224 e
911 1197 1054 1237 magno
1083 1186 1318 1235 scriptorum
1344 1196 1482 1235 grege,
1509 1189 1578 1221 aut
1596 1197 1614 1221 e

162 1250 366 1300 gregariis
383 1247 654 1299 scriptoribus,
674 1248 706 1286 si
725 1247 783 1286 fas
813 1248 862 1286 sit
889 1248 945 1285 ita
970 1246 1109 1297 loqui),
1138 1246 1213 1283 hoc
1241 1252 1458 1295 peccasset,
1477 1245 1615 1283 mereri

166 1310 314 1349 veniam
335 1310 456 1348 videri
487 1315 634 1360 posset.
689 1309 791 1347 Illud
822 1316 952 1348 autem
985 1309 1099 1358 ὄγκον
1130 1306 1245 1346 malui
1277 1312 1461 1344 tumorem
1489 1307 1613 1357 (quod

165 1370 321 1421 proprie
348 1371 489 1419 sonat),
509 1383 626 1421 quam
636 1369 791 1420 fastum
810 1374 870 1417 (ut
898 1370 1088 1421 quidam),
1108 1369 1382 1419 interpretari:
1410 1367 1616 1417 respiciens

167 1432 215 1470 ad
235 1431 372 1483 tumidi
391 1432 622 1483 epithetum,
643 1431 748 1481 quod
780 1431 1014 1469 Antimacho
1040 1430 1218 1469 dabatur.
1273 1429 1325 1467 Et
1343 1429 1429 1467 haec
1456 1428 1617 1479 quidem

167 1493 406 1544 Dionysius:
451 1506 584 1532 verum
615 1493 757 1543 aliquis
796 1507 868 1544 pro
906 1493 972 1530 illo
1009 1491 1244 1542 respondere
1278 1490 1436 1541 poterit,
1471 1490 1617 1528 idcirco

168 1555 400 1605 reprebendi
419 1554 468 1593 ab
481 1567 529 1593 eo
544 1555 757 1601 Platonem,
772 1555 877 1605 quod
898 1555 971 1593 hac
991 1555 1029 1593 in
1049 1567 1090 1592 re
1106 1551 1268 1591 modum
1290 1551 1389 1590 sicut
1410 1552 1618 1596 Isocrates,

169 1622 210 1655 et
228 1615 388 1666 quidam
407 1615 487 1660 alii,
520 1615 674 1654 minime
700 1615 880 1656 tenuerit.
937 1618 1069 1666 Atque
1088 1615 1163 1653 hoc
1184 1627 1230 1651 ex
1250 1613 1297 1651 iis
1322 1626 1412 1664 quae
1443 1612 1619 1663 proxime

170 1682 384 1727 sequuntur
408 1682 592 1727 apparet:
622 1679 708 1720 ὥςτε
739 1678 800 1714 καὶ
829 1676 1076 1728 διθυράμβοις
1109 1680 1192 1715 τινιὶ
1218 1681 1335 1713 ποιεῖν
1355 1674 1512 1712 ἐοικότα.
1565 1673 1622 1711 Ut

170 1745 298 1777 autem
318 1738 406 1776 illas
425 1738 545 1776 nostri
566 1738 750 1776 Isocratis
771 1738 905 1775 laudes
924 1751 972 1775 ex
988 1738 1178 1788 Dionysio
1198 1749 1426 1788 persequar,
1446 1734 1622 1773 animad-

169 1798 395 1838 vertendum
424 1803 496 1844 est,
526 1811 615 1836 eum
644 1798 754 1842 alibi,
777 1798 957 1836 videlicet
977 1799 1014 1835 in
1035 1798 1167 1836 libello
1199 1798 1293 1848 Περὶ
1313 1796 1521 1839 συνθέσεως
1541 1797 1622 1833 ὀνο·

169 1860 312 1910 μάτων,
333 1859 434 1897 illius
464 1859 568 1909 stylo
595 1861 923 1910 μεγαλοπρέπειαν
956 1859 1150 1897 tribuere:
1179 1872 1265 1910 quae
1292 1856 1503 1907 appellatio
1535 1868 1623 1893 cum

169 1919 481 1969 praecedentibus
514 1921 661 1969 optime
694 1920 890 1956 convenit.
960 1919 1023 1956 Ad
1059 1927 1239 1958 ornatum
1269 1925 1398 1956 autem
1435 1916 1622 1954 orationis

169 1979 255 2028 ejus
273 1979 379 2028 quod
400 1980 553 2024 attinet,
576 1979 635 2016 vel
656 1979 785 2028 potius
812 1986 1036 2017 ornamenta
1055 1980 1171 2026 varia,
1201 1992 1278 2018 non
1298 1978 1426 2028 potuit
1443 1990 1552 2015 suam
1573 1977 1623 2015 de

168 2041 243 2079 illis
263 2048 429 2080 mentem
450 2042 561 2079 nobis
580 2041 706 2091 aptius
724 2041 887 2090 aperire,
905 2046 1022 2091 quam
1042 2054 1087 2079 ea
1105 2054 1180 2092 qua
1199 2041 1320 2079 utitur
1334 2039 1625 2089 comparatione

170 2102 210 2141 in
237 2102 370 2141 libello
389 2102 481 2154 Περὶ
513 2109 578 2147 τῆς
607 2100 868 2152 Δημοσθένους
900 2101 1119 2149 δεινότητος.
1161 2102 1237 2139 -Ibi
1270 2100 1371 2139 enim
1402 2100 1524 2137 nostri
1548 2100 1628 2137 Iso—

171 2162 302 2209 crath,
333 2164 432 2201 sicut
457 2171 498 2201 ct
525 2162 714 2210 Platonis,
734 2162 1054 2212 compositionem
1085 2176 1153 2201 seu
1183 2162 1445 2200 elocutionem
1473 2161 1624 2202 caelatis

170 2229 210 2261 et
229 2224 389 2261 tornatis
417 2223 601 2274 operibus
630 2229 845 2274 comparat.
902 2223 997 2273 Ejus
1015 2224 1134 2262 verba
1150 2230 1262 2261 sunt:
1292 2224 1385 2272 ὁρῶν
1403 2238 1447 2270 γε
1466 2221 1508 2267 δὴ
1535 2223 1622 2264 τοὺς

169 2283 480 2335 θαυμαζομένους
507 2286 567 2322 ἐπὶ
586 2288 696 2336 σοφίᾳ
723 2287 783 2322 καὶ
801 2285 1003 2334 κρατίστων
1022 2286 1153 2333 λόγων
1171 2286 1324 2330 ποιητὰς
1344 2284 1623 2334 νομιζομένους,

170 2344 386 2394 Ἰσοκράτην
407 2347 466 2382 καὶ
494 2345 703 2396 Πλάτωνα,
723 2349 907 2394 γλυπτοῖς
925 2348 984 2383 καὶ
1002 2351 1188 2396 τορευτοῖς
1217 2345 1382 2387 ἐοικότας
1408 2344 1625 2395 ἐκφέροντας

171 2408 326 2455 λόγους.
383 2407 530 2445 Eodem
553 2421 642 2446 vero
668 2414 708 2445 et
739 2407 832 2445 alibi
857 2408 928 2445 hos
956 2408 1054 2444 duos
1083 2407 1292 2457 scriptores
1320 2404 1475 2455 eulogio
1501 2410 1626 2451 ornat,

174 2468 352 2507 nimirum
372 2468 411 2506 in
429 2468 528 2507 libro
546 2465 867 2519 Περὶσυνθέσεως
886 2469 1094 2520 ὀνομάτων.
1113 2481 1200 2507 nam
1217 2468 1271 2505 ibi
1287 2479 1446 2517 quoque
1464 2466 1600 2504 scribit
1615 2479 1625 2504 :

174 2530 303 2572 ἄλλως
331 2544 370 2567 τε
395 2531 456 2567 καὶ
484 2537 557 2568 τῶν
583 2531 665 2569 τότε
694 2529 903 2580 ἀνθρώπων
936 2532 977 2567 οὒ
999 2536 1181 2580 γραπτοῖς
1216 2531 1320 2566 ἀλλὰ
1354 2531 1534 2577 γλυπτοῖς
1567 2528 1628 2563 καὶ

174 2594 358 2639 τορευτοῖς
386 2589 549 2633 ἐοικότας
570 2591 791 2642 ἐκφερόντων
810 2592 963 2638 λόγους.
1020 2590 1173 2634 Quibus
1205 2588 1429 2639 subjungit:
1459 2589 1559 2635 λέγω
1589 2586 1626 2624 δὲ

173 2649 404 2700 Ἰσοκράτους
424 2652 485 2687 καὶ
502 2650 711 2694 Πλάτωνος
727 2657 798 2690 τῶν
819 2657 1013 2701 σοφιστῶν.
1055 2650 1134 2688 Ubi
1154 2650 1316 2689 observa
1336 2645 1477 2694 obiter,
1494 2647 1624 2685 vocari

178 2713 357 2761 σοφιστὰς
375 2723 442 2748 eos
461 2723 557 2761 quos
576 2711 698 2749 altero
718 2711 755 2748 in
775 2711 864 2749 loco
885 2711 944 2747 ἐπὶ
963 2714 1077 2762 σοφίᾳ
1098 2710 1400 2762 θαυμαζομένους
1419 2708 1530 2747 dixit.
1560 2707 1624 2745 Ad

148 2820 158 2824 -
176 2770 280 2809 illam
299 2776 430 2810 autem
451 2772 584 2823 σοφίαν
596 2771 663 2822 (de
679 2772 854 2810 Isocrate
865 2784 967 2809 nunc
982 2771 1227 2822 peculiariter
1238 2772 1397 2822 loquor)
1412 2769 1627 2808 referendae
1653 2783 1656 2786 ·

177 2837 269 2871 sunt
300 2831 435 2872 laudes
466 2833 544 2871 illae
573 2845 668 2883 quas
697 2833 798 2871 idem
818 2831 904 2882 ejus
932 2832 1171 2872 orationibus
1199 2832 1353 2878 tribuit,
1374 2845 1452 2870 non
1476 2830 1558 2880 jam
1577 2829 1627 2866 ad

177 2892 451 2940 elocutionem,
480 2907 556 2944 qua
574 2894 710 2938 utitur,
737 2894 804 2931 sed
820 2894 870 2932 ad
885 2907 931 2933 ea
946 2907 1034 2945 quae
1052 2895 1103 2933 ab
1119 2908 1166 2932 eo
1185 2894 1383 2939 dicuntur,
1403 2891 1627 2942 respiciens.

177 2953 278 2994 Nam
298 2955 347 2994 de
377 2954 538 2994 consilio
571 2955 675 3005 quod
708 2955 769 2992 ille
799 2955 835 2992 in
868 2956 1103 2994 Archidamo
1133 2955 1201 2994 dat
1224 2952 1540 2997 Lacedaemoniis,
1570 2951 1624 2988 lo-
