<?xml version="1.0" encoding="UTF-8"?>
<!DOCTYPE html PUBLIC "-//W3C//DTD XHTML 1.0 Transitional//EN"
    "http://www.w3.org/TR/xhtml1/DTD/xhtml1-transitional.dtd">
<html xmlns="http://www.w3.org/1999/xhtml" xml:lang="en" lang="en">
 <head>
  <title>
</title>
<meta http-equiv="Content-Type" content="text/html;charset=utf-8" />
  <meta name='ocr-system' content='tesseract 3.04.00' />
  <meta name='ocr-capabilities' content='ocr_page ocr_carea ocr_par ocr_line ocrx_word'/>
</head>
<body>
  <div class='ocr_page' id='page_1' title='image "./oratoresatticie03dobs/oratoresatticie03dobs_0185.png"; bbox 0 0 1924 3314; ppageno 0'>
   <div class='ocr_carea' id='block_1_1' title="bbox 472 210 1598 260">
    <p class='ocr_par' dir='ltr' id='par_1_1' title="bbox 472 210 1598 260">
     <span class='ocr_line' id='line_1_1' title="bbox 472 210 1598 260; baseline 0.006 -7"><span class='ocrx_word' id='word_1_1' title='bbox 472 211 554 253; x_wconf 96' lang='lat' dir='ltr'><strong>DE</strong></span> <span class='ocrx_word' id='word_1_2' title='bbox 583 210 881 260; x_wconf 88' lang='lat' dir='ltr'><strong>TEMPORE</strong></span> <span class='ocrx_word' id='word_1_3' title='bbox 912 211 1298 257; x_wconf 87' lang='lat' dir='ltr'><strong>PANEGYRICL</strong></span> <span class='ocrx_word' id='word_1_4' title='bbox 1521 216 1598 260; x_wconf 83' lang='lat'><strong>163</strong></span> 
     </span>
    </p>
   </div>
   <div class='ocr_carea' id='block_1_2' title="bbox 161 317 1620 3090">
    <p class='ocr_par' dir='ltr' id='par_1_2' title="bbox 161 317 1611 1410">
     <span class='ocr_line' id='line_1_2' title="bbox 169 317 1602 379; baseline 0 -12"><span class='ocrx_word' id='word_1_5' title='bbox 169 327 435 377; x_wconf 80' lang='grc' dir='ltr'>στρατηγὸν</span> <span class='ocrx_word' id='word_1_6' title='bbox 459 317 716 373; x_wconf 78' lang='grc' dir='ltr'>ἐπιστήσας</span> <span class='ocrx_word' id='word_1_7' title='bbox 743 325 1103 378; x_wconf 74' lang='grc' dir='ltr'>Αὐτοφραδάτην</span> <span class='ocrx_word' id='word_1_8' title='bbox 1129 327 1205 365; x_wconf 78' lang='grc' dir='ltr'><strong>τὸν</strong></span> <span class='ocrx_word' id='word_1_9' title='bbox 1233 327 1410 372; x_wconf 77' lang='grc' dir='ltr'>Λυδίας</span> <span class='ocrx_word' id='word_1_10' title='bbox 1439 331 1602 379; x_wconf 51' lang='grc' dir='ltr'><strong>οάτρά·γ</strong></span> 
     </span>
     <span class='ocr_line' id='line_1_3' title="bbox 169 388 1601 442; baseline 0.001 -14"><span class='ocrx_word' id='word_1_11' title='bbox 169 405 273 436; x_wconf 89' lang='grc' dir='ltr'>πην,</span> <span class='ocrx_word' id='word_1_12' title='bbox 302 392 535 442; x_wconf 82' lang='grc' dir='ltr'>ναύαρχον</span> <span class='ocrx_word' id='word_1_13' title='bbox 575 388 619 427; x_wconf 81' lang='grc' dir='ltr'><strong>δὲ</strong></span> <span class='ocrx_word' id='word_1_14' title='bbox 653 390 944 438; x_wconf 81' lang='grc' dir='ltr'>Ἑκατόμνων</span> <span class='ocrx_word' id='word_1_15' title='bbox 969 388 1145 440; x_wconf 81' lang='lat' dir='ltr'><strong>(Olymp.</strong></span> <span class='ocrx_word' id='word_1_16' title='bbox 1168 389 1356 427; x_wconf 84' lang='lat' dir='ltr'>XCVIII.</span> <span class='ocrx_word' id='word_1_17' title='bbox 1387 389 1438 427; x_wconf 88' lang='lat' dir='ltr'><strong>in.</strong></span> <span class='ocrx_word' id='word_1_18' title='bbox 1457 389 1506 427; x_wconf 89' lang='lat' dir='ltr'><strong>ad</strong></span> <span class='ocrx_word' id='word_1_19' title='bbox 1527 390 1601 430; x_wconf 84' lang='lat' dir='ltr'><strong>hoc</strong></span> 
     </span>
     <span class='ocr_line' id='line_1_4' title="bbox 168 450 1603 502; baseline 0.001 -14"><span class='ocrx_word' id='word_1_20' title='bbox 168 450 268 489; x_wconf 85' lang='lat' dir='ltr'><strong>enim</strong></span> <span class='ocrx_word' id='word_1_21' title='bbox 301 457 451 501; x_wconf 80' lang='lat' dir='ltr'><strong>tempus</strong></span> <span class='ocrx_word' id='word_1_22' title='bbox 478 457 516 490; x_wconf 91' lang='lat' dir='ltr'><strong>et</strong></span> <span class='ocrx_word' id='word_1_23' title='bbox 548 450 662 488; x_wconf 88' lang='lat' dir='ltr'><strong>finem</strong></span> <span class='ocrx_word' id='word_1_24' title='bbox 694 462 916 501; x_wconf 62' lang='lat' dir='ltr'><strong>praegressa*</strong></span> <span class='ocrx_word' id='word_1_25' title='bbox 953 451 1017 488; x_wconf 87' lang='grc' dir='ltr'><strong>ΟΙ.</strong></span> <span class='ocrx_word' id='word_1_26' title='bbox 1049 450 1252 489; x_wconf 82' lang='lat' dir='ltr'><strong>referenda</strong></span> <span class='ocrx_word' id='word_1_27' title='bbox 1284 451 1476 499; x_wconf 87' lang='lat' dir='ltr'><strong>videntur,</strong></span> <span class='ocrx_word' id='word_1_28' title='bbox 1515 464 1603 502; x_wconf 83' lang='lat' dir='ltr'><strong>quae</strong></span> 
     </span>
     <span class='ocr_line' id='line_1_5' title="bbox 170 512 1603 563; baseline 0.001 -14"><span class='ocrx_word' id='word_1_29' title='bbox 170 512 335 550; x_wconf 83' lang='lat' dir='ltr'><strong>Diodor.</strong></span> <span class='ocrx_word' id='word_1_30' title='bbox 352 513 429 551; x_wconf 85' lang='lat' dir='ltr'><strong>Sic.</strong></span> <span class='ocrx_word' id='word_1_31' title='bbox 450 513 538 550; x_wconf 89' lang='lat' dir='ltr'><strong>XV.</strong></span> <span class='ocrx_word' id='word_1_32' title='bbox 558 517 598 552; x_wconf 82' lang='lat'><strong>2.</strong></span> <span class='ocrx_word' id='word_1_33' title='bbox 626 512 676 550; x_wconf 86' lang='lat' dir='ltr'><strong>de</strong></span> <span class='ocrx_word' id='word_1_34' title='bbox 704 512 893 562; x_wconf 88' lang='lat' dir='ltr'><strong>Evagora,</strong></span> <span class='ocrx_word' id='word_1_35' title='bbox 913 512 1065 562; x_wconf 82' lang='grc' dir='ltr'>ἐκυρίευε</span> <span class='ocrx_word' id='word_1_36' title='bbox 1086 514 1178 550; x_wconf 83' lang='grc' dir='ltr'>κατὰ</span> <span class='ocrx_word' id='word_1_37' title='bbox 1204 514 1270 558; x_wconf 86' lang='grc' dir='ltr'><strong>τὴν</strong></span> <span class='ocrx_word' id='word_1_38' title='bbox 1295 512 1466 558; x_wconf 81' lang='grc' dir='ltr'>Φοινίκην</span> <span class='ocrx_word' id='word_1_39' title='bbox 1483 512 1603 563; x_wconf 73' lang='grc' dir='ltr'>Τύρου</span> 
     </span>
     <span class='ocr_line' id='line_1_6' title="bbox 168 572 1605 624; baseline -0.001 -13"><span class='ocrx_word' id='word_1_40' title='bbox 168 575 228 612; x_wconf 85' lang='grc' dir='ltr'><strong>καὶ</strong></span> <span class='ocrx_word' id='word_1_41' title='bbox 244 580 351 612; x_wconf 82' lang='grc' dir='ltr'>τινῶν</span> <span class='ocrx_word' id='word_1_42' title='bbox 371 575 515 624; x_wconf 84' lang='grc' dir='ltr'>ἑτέρων,</span> <span class='ocrx_word' id='word_1_43' title='bbox 534 579 575 612; x_wconf 86' lang='lat' dir='ltr'><strong>et</strong></span> <span class='ocrx_word' id='word_1_44' title='bbox 588 573 779 611; x_wconf 79' lang='lat' dir='ltr'><strong>Isocrates</strong></span> <span class='ocrx_word' id='word_1_45' title='bbox 798 572 944 618; x_wconf 83' lang='lat' dir='ltr'><strong>dicunt,</strong></span> <span class='ocrx_word' id='word_1_46' title='bbox 966 574 1083 624; x_wconf 84' lang='lat' dir='ltr'><strong>Evag.</strong></span> <span class='ocrx_word' id='word_1_47' title='bbox 1102 587 1136 611; x_wconf 88' lang='lat' dir='ltr'><strong>c.</strong></span> <span class='ocrx_word' id='word_1_48' title='bbox 1159 577 1225 611; x_wconf 84' lang='lat'><strong>23.</strong></span> <span class='ocrx_word' id='word_1_49' title='bbox 1255 579 1381 623; x_wconf 82' lang='grc' dir='ltr'>μικροῦ</span> <span class='ocrx_word' id='word_1_50' title='bbox 1395 573 1464 624; x_wconf 80' lang='grc' dir='ltr'>μὲν</span> <span class='ocrx_word' id='word_1_51' title='bbox 1480 573 1605 620; x_wconf 77' lang='grc' dir='ltr'>ἐδέησε</span> 
     </span>
     <span class='ocr_line' id='line_1_7' title="bbox 169 633 1605 688; baseline 0 -16"><span class='ocrx_word' id='word_1_52' title='bbox 169 635 318 684; x_wconf 69' lang='grc' dir='ltr'>Κύπρον</span> <span class='ocrx_word' id='word_1_53' title='bbox 339 637 492 674; x_wconf 75' lang='grc' dir='ltr'>ἃπασαν</span> <span class='ocrx_word' id='word_1_54' title='bbox 511 640 727 688; x_wconf 81' lang='grc' dir='ltr'>κατασχεῖν,</span> <span class='ocrx_word' id='word_1_55' title='bbox 751 634 921 678; x_wconf 82' lang='grc' dir='ltr'>Φοινίκην</span> <span class='ocrx_word' id='word_1_56' title='bbox 945 633 981 672; x_wconf 80' lang='grc' dir='ltr'><strong>δὲ</strong></span> <span class='ocrx_word' id='word_1_57' title='bbox 1001 633 1196 685; x_wconf 59' lang='grc' dir='ltr'>ἐπόρθησε,</span> <span class='ocrx_word' id='word_1_58' title='bbox 1215 634 1335 684; x_wconf 73' lang='grc' dir='ltr'>Τύρον</span> <span class='ocrx_word' id='word_1_59' title='bbox 1354 633 1390 672; x_wconf 77' lang='grc' dir='ltr'><strong>δὲ</strong></span> <span class='ocrx_word' id='word_1_60' title='bbox 1409 637 1500 672; x_wconf 80' lang='grc' dir='ltr'>κατὰ</span> <span class='ocrx_word' id='word_1_61' title='bbox 1519 635 1605 685; x_wconf 78' lang='grc' dir='ltr'>κρά-</span> 
     </span>
     <span class='ocr_line' id='line_1_8' title="bbox 169 694 1605 745; baseline -0.001 -10"><span class='ocrx_word' id='word_1_62' title='bbox 169 711 232 739; x_wconf 81' lang='grc' dir='ltr'>τος</span> <span class='ocrx_word' id='word_1_63' title='bbox 250 695 340 743; x_wconf 77' lang='grc' dir='ltr'>εἷλε,</span> <span class='ocrx_word' id='word_1_64' title='bbox 360 697 535 735; x_wconf 77' lang='grc' dir='ltr'>Κιλικίαν</span> <span class='ocrx_word' id='word_1_65' title='bbox 562 695 599 734; x_wconf 79' lang='grc' dir='ltr'><strong>δὲ</strong></span> <span class='ocrx_word' id='word_1_66' title='bbox 620 694 811 743; x_wconf 82' lang='grc' dir='ltr'>βασιλέως</span> <span class='ocrx_word' id='word_1_67' title='bbox 830 697 1040 744; x_wconf 82' lang='grc' dir='ltr'>ἀπέστησε).</span> <span class='ocrx_word' id='word_1_68' title='bbox 1095 695 1207 733; x_wconf 88' lang='lat' dir='ltr'><strong>Tunc</strong></span> <span class='ocrx_word' id='word_1_69' title='bbox 1226 695 1343 745; x_wconf 65' lang='lat' dir='ltr'><strong>igliur</strong></span> <span class='ocrx_word' id='word_1_70' title='bbox 1361 695 1605 733; x_wconf 85' lang='lat' dir='ltr'><strong>Hecatomno</strong></span> 
     </span>
     <span class='ocr_line' id='line_1_9' title="bbox 171 755 1605 808; baseline -0.001 -12"><span class='ocrx_word' id='word_1_71' title='bbox 171 758 396 796; x_wconf 81' lang='lat' dir='ltr'><strong>mandatum.</strong></span> <span class='ocrx_word' id='word_1_72' title='bbox 412 765 485 804; x_wconf 81' lang='lat' dir='ltr'><strong>est,</strong></span> <span class='ocrx_word' id='word_1_73' title='bbox 513 764 555 796; x_wconf 90' lang='lat' dir='ltr'><strong>ut</strong></span> <span class='ocrx_word' id='word_1_74' title='bbox 581 759 793 806; x_wconf 86' lang='lat' dir='ltr'><strong>Evagoram</strong></span> <span class='ocrx_word' id='word_1_75' title='bbox 824 757 1040 807; x_wconf 88' lang='lat' dir='ltr'><strong>subigeret;</strong></span> <span class='ocrx_word' id='word_1_76' title='bbox 1070 756 1201 807; x_wconf 87' lang='lat' dir='ltr'><strong>paullo</strong></span> <span class='ocrx_word' id='word_1_77' title='bbox 1219 763 1320 807; x_wconf 72' lang='lat' dir='ltr'><strong>«post</strong></span> <span class='ocrx_word' id='word_1_78' title='bbox 1349 756 1414 793; x_wconf 91' lang='lat' dir='ltr'><strong>ubi</strong></span> <span class='ocrx_word' id='word_1_79' title='bbox 1440 755 1501 793; x_wconf 88' lang='lat' dir='ltr'><strong>ille</strong></span> <span class='ocrx_word' id='word_1_80' title='bbox 1521 757 1605 808; x_wconf 88' lang='lat' dir='ltr'><strong>plus</strong></span> 
     </span>
     <span class='ocr_line' id='line_1_10' title="bbox 170 810 1608 869; baseline -0.001 -14"><span class='ocrx_word' id='word_1_81' title='bbox 170 818 380 869; x_wconf 84' lang='lat' dir='ltr'>profuerat,</span> <span class='ocrx_word' id='word_1_82' title='bbox 401 831 512 867; x_wconf 88' lang='lat' dir='ltr'><strong>quam</strong></span> <span class='ocrx_word' id='word_1_83' title='bbox 534 824 719 856; x_wconf 85' lang='lat' dir='ltr'><strong>nocuerat</strong></span> <span class='ocrx_word' id='word_1_84' title='bbox 737 818 937 867; x_wconf 82' lang='lat' dir='ltr'><strong>Evagorae,</strong></span> <span class='ocrx_word' id='word_1_85' title='bbox 959 820 1208 864; x_wconf 83' lang='lat' dir='ltr'><strong>Artaxerxes,</strong></span> <span class='ocrx_word' id='word_1_86' title='bbox 1227 810 1608 867; x_wconf 61' lang='lat' dir='ltr'><strong>expeditionem⁴ma-</strong></span> 
     </span>
     <span class='ocr_line' id='line_1_11' title="bbox 165 879 1607 931; baseline -0.003 -11"><span class='ocrx_word' id='word_1_87' title='bbox 165 881 292 931; x_wconf 84' lang='lat' dir='ltr'><strong>jorem</strong></span> <span class='ocrx_word' id='word_1_88' title='bbox 312 881 493 931; x_wconf 78' lang='lat' dir='ltr'><strong>suscepit,</strong></span> <span class='ocrx_word' id='word_1_89' title='bbox 535 881 814 928; x_wconf 75' lang='lat' dir='ltr'><strong>persequamur</strong></span> <span class='ocrx_word' id='word_1_90' title='bbox 831 879 946 915; x_wconf 88' lang='lat' dir='ltr'><strong>verba</strong></span> <span class='ocrx_word' id='word_1_91' title='bbox 968 879 1118 916; x_wconf 85' lang='lat' dir='ltr'><strong>Photii:</strong></span> <span class='ocrx_word' id='word_1_92' title='bbox 1150 880 1223 915; x_wconf 82' lang='grc' dir='ltr'><strong>καὶ</strong></span> <span class='ocrx_word' id='word_1_93' title='bbox 1252 879 1356 928; x_wconf 82' lang='grc' dir='ltr'>περὶ</span> <span class='ocrx_word' id='word_1_94' title='bbox 1383 884 1464 922; x_wconf 87' lang='grc' dir='ltr'>τῆς</span> <span class='ocrx_word' id='word_1_95' title='bbox 1492 881 1607 926; x_wconf 78' lang='grc' dir='ltr'>εἰρή-</span> 
     </span>
     <span class='ocr_line' id='line_1_12' title="bbox 172 939 1606 991; baseline -0.003 -10"><span class='ocrx_word' id='word_1_96' title='bbox 172 960 263 989; x_wconf 83' lang='grc' dir='ltr'>νης,</span> <span class='ocrx_word' id='word_1_97' title='bbox 291 948 344 989; x_wconf 89' lang='grc' dir='ltr'>ἣν</span> <span class='ocrx_word' id='word_1_98' title='bbox 371 943 506 985; x_wconf 73' lang='grc' dir='ltr'>αὐτὸς</span> <span class='ocrx_word' id='word_1_99' title='bbox 534 946 628 983; x_wconf 83' lang='grc' dir='ltr'>τοῖς</span> <span class='ocrx_word' id='word_1_100' title='bbox 658 941 884 986; x_wconf 73' lang='grc' dir='ltr'>’Έλλησιν</span> <span class='ocrx_word' id='word_1_101' title='bbox 914 939 1213 991; x_wconf 78' lang='grc' dir='ltr'>ἐβράβευσεν.</span> <span class='ocrx_word' id='word_1_102' title='bbox 1270 939 1394 984; x_wconf 74' lang='lat' dir='ltr'><strong>Patet,</strong></span> <span class='ocrx_word' id='word_1_103' title='bbox 1414 940 1475 976; x_wconf 82' lang='lat' dir='ltr'><strong>hic</strong></span> <span class='ocrx_word' id='word_1_104' title='bbox 1494 940 1606 977; x_wconf 79' lang='lat' dir='ltr'><strong>imel-</strong></span> 
     </span>
     <span class='ocr_line' id='line_1_13' title="bbox 169 1000 1608 1053; baseline -0.002 -12"><span class='ocrx_word' id='word_1_105' title='bbox 169 1004 358 1053; x_wconf 85' lang='lat' dir='ltr'><strong>ligendam</strong></span> <span class='ocrx_word' id='word_1_106' title='bbox 385 1016 468 1041; x_wconf 82' lang='lat' dir='ltr'><strong>esse</strong></span> <span class='ocrx_word' id='word_1_107' title='bbox 493 1013 628 1052; x_wconf 84' lang='lat' dir='ltr'><strong>pacem</strong></span> <span class='ocrx_word' id='word_1_108' title='bbox 649 1001 878 1046; x_wconf 87' lang='lat' dir='ltr'><strong>Antalcidae‚</strong></span> <span class='ocrx_word' id='word_1_109' title='bbox 898 1000 963 1038; x_wconf 92' lang='lat' dir='ltr'><strong>Ol.</strong></span> <span class='ocrx_word' id='word_1_110' title='bbox 980 1001 1130 1038; x_wconf 90' lang='lat' dir='ltr'>XCIII.</span> <span class='ocrx_word' id='word_1_111' title='bbox 1153 1014 1188 1038; x_wconf 91' lang='lat' dir='ltr'><strong>a.</strong></span> <span class='ocrx_word' id='word_1_112' title='bbox 1209 1000 1261 1038; x_wconf 87' lang='lat'><strong>11.</strong></span> <span class='ocrx_word' id='word_1_113' title='bbox 1283 1001 1357 1037; x_wconf 88' lang='lat' dir='ltr'><strong>hac</strong></span> <span class='ocrx_word' id='word_1_114' title='bbox 1376 1000 1478 1038; x_wconf 80' lang='lat' dir='ltr'><strong>facta</strong></span> <span class='ocrx_word' id='word_1_115' title='bbox 1499 1001 1518 1037; x_wconf 89' lang='grc' dir='ltr'><strong>ὁ</strong></span> <span class='ocrx_word' id='word_1_116' title='bbox 1539 1000 1608 1050; x_wconf 80' lang='grc' dir='ltr'>μὲν</span> 
     </span>
     <span class='ocr_line' id='line_1_14' title="bbox 170 1060 1611 1112; baseline -0.003 -9"><span class='ocrx_word' id='word_1_117' title='bbox 170 1063 366 1112; x_wconf 73' lang='grc' dir='ltr'>βασιλεὺς,</span> <span class='ocrx_word' id='word_1_118' title='bbox 386 1071 427 1102; x_wconf 85' lang='lat' dir='ltr'><strong>ut</strong></span> <span class='ocrx_word' id='word_1_119' title='bbox 446 1070 532 1101; x_wconf 79' lang='lat' dir='ltr'><strong>utar</strong></span> <span class='ocrx_word' id='word_1_120' title='bbox 551 1062 711 1100; x_wconf 80' lang='lat' dir='ltr'><strong>Diodori</strong></span> <span class='ocrx_word' id='word_1_121' title='bbox 736 1062 860 1099; x_wconf 86' lang='lat' dir='ltr'><strong>verbis</strong></span> <span class='ocrx_word' id='word_1_122' title='bbox 881 1062 991 1099; x_wconf 83' lang='lat' dir='ltr'>XIV.</span> <span class='ocrx_word' id='word_1_123' title='bbox 1016 1060 1316 1104; x_wconf 66' lang='grc' dir='ltr'>110.·διαλυὲεὶς</span> <span class='ocrx_word' id='word_1_124' title='bbox 1337 1070 1400 1107; x_wconf 84' lang='grc' dir='ltr'>τῆς</span> <span class='ocrx_word' id='word_1_125' title='bbox 1417 1061 1507 1110; x_wconf 83' lang='grc' dir='ltr'>πρὸς</span> <span class='ocrx_word' id='word_1_126' title='bbox 1526 1062 1611 1104; x_wconf 77' lang='grc' dir='ltr'>τοὺς</span> 
     </span>
     <span class='ocr_line' id='line_1_15' title="bbox 161 1123 1608 1177; baseline -0.003 -13"><span class='ocrx_word' id='word_1_127' title='bbox 161 1127 351 1173; x_wconf 72' lang='grc' dir='ltr'>’Έλληνας</span> <span class='ocrx_word' id='word_1_128' title='bbox 379 1126 565 1177; x_wconf 74' lang='grc' dir='ltr'>διαφορᾶς,</span> <span class='ocrx_word' id='word_1_129' title='bbox 594 1124 880 1173; x_wconf 78' lang='grc' dir='ltr'>παρεσκευάζετο</span> <span class='ocrx_word' id='word_1_130' title='bbox 907 1127 977 1166; x_wconf 74' lang='grc' dir='ltr'>τάς</span> <span class='ocrx_word' id='word_1_131' title='bbox 1010 1123 1182 1173; x_wconf 73' lang='grc' dir='ltr'>δυνάμεις</span> <span class='ocrx_word' id='word_1_132' title='bbox 1213 1125 1263 1167; x_wconf 80' lang='grc' dir='ltr'><strong>εἰς</strong></span> <span class='ocrx_word' id='word_1_133' title='bbox 1295 1123 1359 1161; x_wconf 80' lang='grc' dir='ltr'><strong>τὸν</strong></span> <span class='ocrx_word' id='word_1_134' title='bbox 1391 1123 1608 1173; x_wconf 79' lang='grc' dir='ltr'>Κυπριακὸν</span> 
     </span>
     <span class='ocr_line' id='line_1_16' title="bbox 170 1185 1606 1239; baseline -0.001 -13"><span class='ocrx_word' id='word_1_135' title='bbox 170 1189 352 1239; x_wconf 59' lang='grc' dir='ltr'><strong>πόλεμον.Υ</strong></span> <span class='ocrx_word' id='word_1_136' title='bbox 375 1189 395 1226; x_wconf 85' lang='grc' dir='ltr'><strong>ὁ</strong></span> <span class='ocrx_word' id='word_1_137' title='bbox 415 1191 491 1238; x_wconf 71' lang='grc' dir='ltr'><strong>γάρ</strong></span> <span class='ocrx_word' id='word_1_138' title='bbox 510 1188 706 1237; x_wconf 79' lang='grc' dir='ltr'>Εὔαγόρας</span> <span class='ocrx_word' id='word_1_139' title='bbox 738 1185 902 1238; x_wconf 77' lang='grc' dir='ltr'>σχεδὸν</span> <span class='ocrx_word' id='word_1_140' title='bbox 931 1187 1042 1233; x_wconf 84' lang='grc' dir='ltr'>ὅλην</span> <span class='ocrx_word' id='word_1_141' title='bbox 1067 1189 1147 1232; x_wconf 89' lang='grc' dir='ltr'><strong>τὴν</strong></span> <span class='ocrx_word' id='word_1_142' title='bbox 1185 1187 1372 1236; x_wconf 87' lang='grc' dir='ltr'>Κύπρον</span> <span class='ocrx_word' id='word_1_143' title='bbox 1399 1185 1450 1233; x_wconf 75' lang='grc' dir='ltr'>ἦν</span> <span class='ocrx_word' id='word_1_144' title='bbox 1484 1188 1606 1224; x_wconf 75' lang='grc' dir='ltr'>ἐκκε-</span> 
     </span>
     <span class='ocr_line' id='line_1_17' title="bbox 170 1247 1610 1301; baseline -0.001 -14"><span class='ocrx_word' id='word_1_145' title='bbox 170 1252 408 1301; x_wconf 74' lang='grc' dir='ltr'>κλημένος,</span> <span class='ocrx_word' id='word_1_146' title='bbox 428 1250 500 1287; x_wconf 81' lang='grc' dir='ltr'><strong>καὶ</strong></span> <span class='ocrx_word' id='word_1_147' title='bbox 541 1247 760 1299; x_wconf 71' lang='grc' dir='ltr'>δυνάμεις</span> <span class='ocrx_word' id='word_1_148' title='bbox 805 1247 946 1297; x_wconf 71' lang='grc' dir='ltr'>ἁδρᾶς</span> <span class='ocrx_word' id='word_1_149' title='bbox 994 1247 1290 1298; x_wconf 65' lang='grc' dir='ltr'>συνηθροίκει</span> <span class='ocrx_word' id='word_1_150' title='bbox 1336 1247 1409 1286; x_wconf 69' lang='grc' dir='ltr'>διὰ</span> <span class='ocrx_word' id='word_1_151' title='bbox 1443 1248 1491 1297; x_wconf 82' lang='grc' dir='ltr'>τὸ</span> <span class='ocrx_word' id='word_1_152' title='bbox 1533 1248 1610 1286; x_wconf 85' lang='grc' dir='ltr'><strong>τὸν</strong></span> 
     </span>
     <span class='ocr_line' id='line_1_18' title="bbox 170 1310 1610 1363; baseline -0.001 -13"><span class='ocrx_word' id='word_1_153' title='bbox 170 1313 464 1363; x_wconf 74' lang='grc' dir='ltr'>Ἀρταξέρξην</span> <span class='ocrx_word' id='word_1_154' title='bbox 495 1311 542 1349; x_wconf 84' lang='grc' dir='ltr'>ἐν</span> <span class='ocrx_word' id='word_1_155' title='bbox 581 1313 637 1361; x_wconf 74' lang='grc' dir='ltr'>τῷ</span> <span class='ocrx_word' id='word_1_156' title='bbox 671 1310 781 1360; x_wconf 82' lang='grc' dir='ltr'>πρὸς</span> <span class='ocrx_word' id='word_1_157' title='bbox 815 1311 1179 1356; x_wconf 76' lang='grc' dir='ltr'>τούς“Ελληνας</span> <span class='ocrx_word' id='word_1_158' title='bbox 1209 1313 1395 1362; x_wconf 75' lang='grc' dir='ltr'>πολέμῳ</span> <span class='ocrx_word' id='word_1_159' title='bbox 1429 1310 1610 1349; x_wconf 79' lang='grc' dir='ltr'>διεσπά-</span> 
     </span>
     <span class='ocr_line' id='line_1_19' title="bbox 176 1370 301 1410; baseline 0.008 -1"><span class='ocrx_word' id='word_1_160' title='bbox 176 1370 301 1410; x_wconf 66' lang='grc' dir='ltr'>σθαι.</span> 
     </span>
    </p>

    <p class='ocr_par' dir='ltr' id='par_1_3' title="bbox 171 1433 1612 2464">
     <span class='ocr_line' id='line_1_20' title="bbox 225 1433 1609 1485; baseline 0.001 -14"><span class='ocrx_word' id='word_1_161' title='bbox 225 1434 339 1471; x_wconf 84' lang='lat' dir='ltr'><strong>Hanc</strong></span> <span class='ocrx_word' id='word_1_162' title='bbox 358 1434 645 1484; x_wconf 79' lang='lat' dir='ltr'><strong>expeditionem</strong></span> <span class='ocrx_word' id='word_1_163' title='bbox 665 1433 986 1473; x_wconf 84' lang='lat' dir='ltr'><strong>Photiusindicat</strong></span> <span class='ocrx_word' id='word_1_164' title='bbox 1008 1433 1082 1472; x_wconf 82' lang='lat' dir='ltr'><strong>ita:</strong></span> <span class='ocrx_word' id='word_1_165' title='bbox 1114 1434 1237 1477; x_wconf 78' lang='grc' dir='ltr'>ὅπως</span> <span class='ocrx_word' id='word_1_166' title='bbox 1274 1451 1316 1473; x_wconf 84' lang='grc' dir='ltr'>τε</span> <span class='ocrx_word' id='word_1_167' title='bbox 1352 1434 1465 1485; x_wconf 83' lang='grc' dir='ltr'>πρὸς</span> <span class='ocrx_word' id='word_1_168' title='bbox 1501 1437 1609 1472; x_wconf 75' lang='grc' dir='ltr'>Εὔα-</span> 
     </span>
     <span class='ocr_line' id='line_1_21' title="bbox 173 1495 1608 1547; baseline 0.001 -15"><span class='ocrx_word' id='word_1_169' title='bbox 173 1496 318 1545; x_wconf 86' lang='grc' dir='ltr'>γόραν</span> <span class='ocrx_word' id='word_1_170' title='bbox 343 1495 729 1547; x_wconf 80' lang='grc' dir='ltr'>ἐπικρατέστερον</span> <span class='ocrx_word' id='word_1_171' title='bbox 768 1497 1000 1546; x_wconf 81' lang='grc' dir='ltr'>ἐπολέμει;</span> <span class='ocrx_word' id='word_1_172' title='bbox 1029 1502 1068 1533; x_wconf 87' lang='lat' dir='ltr'><strong>et</strong></span> <span class='ocrx_word' id='word_1_173' title='bbox 1087 1496 1136 1533; x_wconf 81' lang='lat' dir='ltr'><strong>ab</strong></span> <span class='ocrx_word' id='word_1_174' title='bbox 1156 1509 1201 1534; x_wconf 85' lang='lat' dir='ltr'><strong>ea</strong></span> <span class='ocrx_word' id='word_1_175' title='bbox 1218 1495 1397 1547; x_wconf 83' lang='lat' dir='ltr'><strong>(Olymp.</strong></span> <span class='ocrx_word' id='word_1_176' title='bbox 1418 1496 1608 1534; x_wconf 87' lang='lat' dir='ltr'>XCVIII.</span> 
     </span>
     <span class='ocr_line' id='line_1_22' title="bbox 172 1556 1609 1608; baseline 0.002 -15"><span class='ocrx_word' id='word_1_177' title='bbox 172 1568 208 1593; x_wconf 91' lang='lat' dir='ltr'><strong>a.</strong></span> <span class='ocrx_word' id='word_1_178' title='bbox 226 1556 281 1594; x_wconf 91' lang='grc' dir='ltr'><strong>ΙΙ.</strong></span> <span class='ocrx_word' id='word_1_179' title='bbox 310 1569 371 1594; x_wconf 84' lang='lat' dir='ltr'><strong>ex.</strong></span> <span class='ocrx_word' id='word_1_180' title='bbox 392 1563 434 1595; x_wconf 80' lang='lat' dir='ltr'><strong>et</strong></span> <span class='ocrx_word' id='word_1_181' title='bbox 453 1557 526 1597; x_wconf 82' lang='lat'><em>111.</em></span> <span class='ocrx_word' id='word_1_182' title='bbox 546 1559 598 1596; x_wconf 88' lang='lat' dir='ltr'><strong>in.</strong></span> <span class='ocrx_word' id='word_1_183' title='bbox 628 1571 711 1596; x_wconf 87' lang='lat' dir='ltr'><strong>sese</strong></span> <span class='ocrx_word' id='word_1_184' title='bbox 730 1557 928 1595; x_wconf 83' lang='lat' dir='ltr'><strong>exordium</strong></span> <span class='ocrx_word' id='word_1_185' title='bbox 947 1556 1035 1594; x_wconf 87' lang='lat' dir='ltr'><strong>libri</strong></span> <span class='ocrx_word' id='word_1_186' title='bbox 1055 1557 1140 1595; x_wconf 89' lang='lat' dir='ltr'><strong>XV.</strong></span> <span class='ocrx_word' id='word_1_187' title='bbox 1168 1557 1307 1595; x_wconf 83' lang='lat' dir='ltr'><strong>fecisse</strong></span> <span class='ocrx_word' id='word_1_188' title='bbox 1327 1558 1499 1596; x_wconf 77' lang='lat' dir='ltr'><strong>declarat</strong></span> <span class='ocrx_word' id='word_1_189' title='bbox 1520 1558 1609 1608; x_wconf 77' lang='lat' dir='ltr'><strong>¹ipse</strong></span> 
     </span>
     <span class='ocr_line' id='line_1_23' title="bbox 174 1615 1604 1669; baseline 0.003 -16"><span class='ocrx_word' id='word_1_190' title='bbox 174 1615 370 1655; x_wconf 84' lang='lat' dir='ltr'><strong>Diodorus</strong></span> <span class='ocrx_word' id='word_1_191' title='bbox 391 1618 485 1657; x_wconf 90' lang='lat' dir='ltr'><strong>XV.</strong></span> <span class='ocrx_word' id='word_1_192' title='bbox 503 1631 537 1657; x_wconf 85' lang='lat' dir='ltr'><strong>c.</strong></span> <span class='ocrx_word' id='word_1_193' title='bbox 558 1619 591 1657; x_wconf 89' lang='grc' dir='ltr'><strong>Ι,</strong></span> <span class='ocrx_word' id='word_1_194' title='bbox 609 1626 796 1656; x_wconf 77' lang='lat' dir='ltr'><strong>extremo.</strong></span> <span class='ocrx_word' id='word_1_195' title='bbox 825 1618 1002 1656; x_wconf 85' lang='lat' dir='ltr'><strong>Proxime</strong></span> <span class='ocrx_word' id='word_1_196' title='bbox 1032 1624 1247 1668; x_wconf 88' lang='lat' dir='ltr'><strong>sequuntur</strong></span> <span class='ocrx_word' id='word_1_197' title='bbox 1265 1619 1368 1669; x_wconf 87' lang='lat' dir='ltr'><strong>apud</strong></span> <span class='ocrx_word' id='word_1_198' title='bbox 1400 1619 1604 1658; x_wconf 76' lang='lat' dir='ltr'><strong>Photium:</strong></span> 
     </span>
     <span class='ocr_line' id='line_1_24' title="bbox 173 1679 1610 1733; baseline 0.003 -19"><span class='ocrx_word' id='word_1_199' title='bbox 173 1679 244 1715; x_wconf 76' lang='grc' dir='ltr'><strong>καὶ</strong></span> <span class='ocrx_word' id='word_1_200' title='bbox 271 1680 370 1728; x_wconf 78' lang='grc' dir='ltr'>περὶ</span> <span class='ocrx_word' id='word_1_201' title='bbox 397 1686 475 1725; x_wconf 82' lang='grc' dir='ltr'>τῆς</span> <span class='ocrx_word' id='word_1_202' title='bbox 503 1680 551 1718; x_wconf 85' lang='grc' dir='ltr'>ἐν</span> <span class='ocrx_word' id='word_1_203' title='bbox 583 1680 745 1732; x_wconf 63' lang='grc' dir='ltr'>Κύπρῳ</span> <span class='ocrx_word' id='word_1_204' title='bbox 777 1682 1042 1732; x_wconf 79' lang='grc' dir='ltr'>ναυμαχίας</span> <span class='ocrx_word' id='word_1_205' title='bbox 1073 1679 1209 1729; x_wconf 83' lang='lat' dir='ltr'><strong>(Diod.</strong></span> <span class='ocrx_word' id='word_1_206' title='bbox 1229 1680 1254 1717; x_wconf 95' lang='lat' dir='ltr'><strong>l.</strong></span> <span class='ocrx_word' id='word_1_207' title='bbox 1277 1681 1308 1718; x_wconf 93' lang='lat' dir='ltr'><strong>I.</strong></span> <span class='ocrx_word' id='word_1_208' title='bbox 1328 1693 1363 1718; x_wconf 72' lang='lat' dir='ltr'><strong>c·</strong></span> <span class='ocrx_word' id='word_1_209' title='bbox 1380 1686 1422 1721; x_wconf 83' lang='grc'><strong>,3.</strong></span> <span class='ocrx_word' id='word_1_210' title='bbox 1443 1686 1610 1733; x_wconf 77' lang='lat' dir='ltr'><strong>constat,</strong></span> 
     </span>
     <span class='ocr_line' id='line_1_25' title="bbox 172 1737 1610 1792; baseline 0.003 -17"><span class='ocrx_word' id='word_1_211' title='bbox 172 1737 274 1776; x_wconf 83' lang='lat' dir='ltr'><strong>hanc</strong></span> <span class='ocrx_word' id='word_1_212' title='bbox 300 1751 468 1789; x_wconf 87' lang='lat' dir='ltr'><strong>pugnam</strong></span> <span class='ocrx_word' id='word_1_213' title='bbox 497 1741 739 1780; x_wconf 84' lang='lat' dir='ltr'><strong>commissam</strong></span> <span class='ocrx_word' id='word_1_214' title='bbox 773 1753 856 1779; x_wconf 84' lang='lat' dir='ltr'><strong>esse</strong></span> <span class='ocrx_word' id='word_1_215' title='bbox 883 1741 1016 1779; x_wconf 82' lang='lat' dir='ltr'><strong>a.111.</strong></span> <span class='ocrx_word' id='word_1_216' title='bbox 1045 1740 1220 1790; x_wconf 84' lang='lat' dir='ltr'><strong>ejusdem</strong></span> <span class='ocrx_word' id='word_1_217' title='bbox 1251 1741 1427 1792; x_wconf 84' lang='lat' dir='ltr'><strong>Olymp.)</strong></span> <span class='ocrx_word' id='word_1_218' title='bbox 1458 1744 1528 1781; x_wconf 83' lang='grc' dir='ltr'><strong>καὶ</strong></span> <span class='ocrx_word' id='word_1_219' title='bbox 1556 1745 1610 1785; x_wconf 79' lang='grc' dir='ltr'><strong>ὡς</strong></span> 
     </span>
     <span class='ocr_line' id='line_1_26' title="bbox 171 1797 1609 1853; baseline 0.003 -17"><span class='ocrx_word' id='word_1_220' title='bbox 171 1797 430 1845; x_wconf 62' lang='grc' dir='ltr'>Ἀθηναίων</span> <span class='ocrx_word' id='word_1_221' title='bbox 468 1803 492 1847; x_wconf 79' lang='grc' dir='ltr'>ἡ</span> <span class='ocrx_word' id='word_1_222' title='bbox 519 1804 652 1846; x_wconf 81' lang='grc' dir='ltr'>πόλις</span> <span class='ocrx_word' id='word_1_223' title='bbox 690 1807 793 1845; x_wconf 83' lang='grc' dir='ltr'>ταῖς</span> <span class='ocrx_word' id='word_1_224' title='bbox 831 1801 941 1853; x_wconf 79' lang='grc' dir='ltr'>πρὸς</span> <span class='ocrx_word' id='word_1_225' title='bbox 986 1800 1187 1850; x_wconf 80' lang='grc' dir='ltr'>βασιλέα</span> <span class='ocrx_word' id='word_1_226' title='bbox 1220 1805 1465 1849; x_wconf 80' lang='grc' dir='ltr'>συνθήκαις</span> <span class='ocrx_word' id='word_1_227' title='bbox 1497 1803 1609 1841; x_wconf 79' lang='grc' dir='ltr'>ἐπει-</span> 
     </span>
     <span class='ocr_line' id='line_1_27' title="bbox 171 1860 1610 1916; baseline 0.003 -19"><span class='ocrx_word' id='word_1_228' title='bbox 171 1864 280 1909; x_wconf 82' lang='grc' dir='ltr'>ρᾶτο</span> <span class='ocrx_word' id='word_1_229' title='bbox 314 1860 545 1913; x_wconf 81' lang='grc' dir='ltr'>ἐμμένειν,</span> <span class='ocrx_word' id='word_1_230' title='bbox 583 1862 955 1914; x_wconf 83' lang='grc' dir='ltr'>Λακεδαιμόνιοι</span> <span class='ocrx_word' id='word_1_231' title='bbox 992 1862 1036 1900; x_wconf 79' lang='grc' dir='ltr'><strong>δὲ</strong></span> <span class='ocrx_word' id='word_1_232' title='bbox 1062 1864 1298 1913; x_wconf 73' lang='grc' dir='ltr'>ὑπέρογκα</span> <span class='ocrx_word' id='word_1_233' title='bbox 1334 1869 1610 1916; x_wconf 81' lang='grc' dir='ltr'>φρονοῦντες</span> 
     </span>
     <span class='ocr_line' id='line_1_28' title="bbox 173 1919 1608 1975; baseline 0.003 -16"><span class='ocrx_word' id='word_1_234' title='bbox 173 1919 460 1971; x_wconf 82' lang='grc' dir='ltr'>παρέβαινον</span> <span class='ocrx_word' id='word_1_235' title='bbox 491 1927 571 1968; x_wconf 73' lang='grc' dir='ltr'><strong>τὰς</strong></span> <span class='ocrx_word' id='word_1_236' title='bbox 604 1924 847 1971; x_wconf 70' lang='grc' dir='ltr'>συνθήκας.</span> <span class='ocrx_word' id='word_1_237' title='bbox 915 1924 1011 1962; x_wconf 88' lang='lat' dir='ltr'><strong>Haec</strong></span> <span class='ocrx_word' id='word_1_238' title='bbox 1037 1930 1232 1975; x_wconf 87' lang='lat' dir='ltr'><strong>postrema</strong></span> <span class='ocrx_word' id='word_1_239' title='bbox 1269 1925 1439 1964; x_wconf 89' lang='lat' dir='ltr'><strong>indicant</strong></span> <span class='ocrx_word' id='word_1_240' title='bbox 1471 1925 1608 1964; x_wconf 88' lang='lat' dir='ltr'><strong>civium</strong></span> 
     </span>
     <span class='ocr_line' id='line_1_29' title="bbox 174 1982 1609 2038; baseline 0.004 -19"><span class='ocrx_word' id='word_1_241' title='bbox 174 1982 383 2023; x_wconf 69' lang='lat' dir='ltr'><strong>Mantineae</strong></span> <span class='ocrx_word' id='word_1_242' title='bbox 403 1983 617 2037; x_wconf 81' lang='grc' dir='ltr'>διοικισμόν,</span> <span class='ocrx_word' id='word_1_243' title='bbox 632 1999 734 2024; x_wconf 86' lang='lat' dir='ltr'><strong>anuo</strong></span> <span class='ocrx_word' id='word_1_244' title='bbox 751 1986 819 2024; x_wconf 90' lang='lat' dir='ltr'><strong>IV.</strong></span> <span class='ocrx_word' id='word_1_245' title='bbox 837 1985 963 2035; x_wconf 82' lang='lat' dir='ltr'><strong>ejusd.</strong></span> <span class='ocrx_word' id='word_1_246' title='bbox 988 1985 1146 2036; x_wconf 87' lang='lat' dir='ltr'><strong>Olymp.</strong></span> <span class='ocrx_word' id='word_1_247' title='bbox 1161 1991 1200 2024; x_wconf 91' lang='lat' dir='ltr'><strong>et</strong></span> <span class='ocrx_word' id='word_1_248' title='bbox 1220 1999 1307 2037; x_wconf 85' lang='lat' dir='ltr'><strong>quae</strong></span> <span class='ocrx_word' id='word_1_249' title='bbox 1324 1986 1466 2025; x_wconf 85' lang='lat' dir='ltr'><strong>deinde</strong></span> <span class='ocrx_word' id='word_1_250' title='bbox 1484 1987 1609 2038; x_wconf 75' lang='lat' dir='ltr'><strong>Olyn-</strong></span> 
     </span>
     <span class='ocr_line' id='line_1_30' title="bbox 175 2042 1611 2096; baseline 0.005 -17"><span class='ocrx_word' id='word_1_251' title='bbox 175 2042 277 2089; x_wconf 89' lang='lat' dir='ltr'><strong>thiis,</strong></span> <span class='ocrx_word' id='word_1_252' title='bbox 307 2044 513 2092; x_wconf 65' lang='lat' dir='ltr'><strong>Phliasius,</strong></span> <span class='ocrx_word' id='word_1_253' title='bbox 531 2047 725 2089; x_wconf 80' lang='lat' dir='ltr'><strong>Thebanis</strong></span> <span class='ocrx_word' id='word_1_254' title='bbox 742 2046 933 2085; x_wconf 83' lang='lat' dir='ltr'><strong>fecerunt.</strong></span> <span class='ocrx_word' id='word_1_255' title='bbox 989 2046 1118 2090; x_wconf 86' lang='lat' dir='ltr'><strong>Quum</strong></span> <span class='ocrx_word' id='word_1_256' title='bbox 1133 2046 1217 2096; x_wconf 87' lang='lat' dir='ltr'><strong>jam</strong></span> <span class='ocrx_word' id='word_1_257' title='bbox 1231 2048 1278 2085; x_wconf 90' lang='lat' dir='ltr'><strong>ad</strong></span> <span class='ocrx_word' id='word_1_258' title='bbox 1296 2048 1611 2091; x_wconf 62' lang='lat' dir='ltr'><strong>Lacedaemonios</strong></span> 
     </span>
     <span class='ocr_line' id='line_1_31' title="bbox 176 2104 1612 2160; baseline 0.005 -19"><span class='ocrx_word' id='word_1_259' title='bbox 176 2104 388 2144; x_wconf 86' lang='lat' dir='ltr'><strong>transiisset</strong></span> <span class='ocrx_word' id='word_1_260' title='bbox 417 2114 568 2154; x_wconf 80' lang='lat' dir='ltr'><strong>auctor,</strong></span> <span class='ocrx_word' id='word_1_261' title='bbox 595 2122 710 2160; x_wconf 89' lang='lat' dir='ltr'><strong>quem</strong></span> <span class='ocrx_word' id='word_1_262' title='bbox 739 2108 930 2160; x_wconf 80' lang='lat' dir='ltr'><strong>excerpsit</strong></span> <span class='ocrx_word' id='word_1_263' title='bbox 948 2108 1124 2153; x_wconf 89' lang='lat' dir='ltr'><strong>Photius,</strong></span> <span class='ocrx_word' id='word_1_264' title='bbox 1144 2114 1184 2146; x_wconf 87' lang='lat' dir='ltr'><strong>et</strong></span> <span class='ocrx_word' id='word_1_265' title='bbox 1203 2108 1429 2160; x_wconf 86' lang='lat' dir='ltr'><strong>injuriarum</strong></span> <span class='ocrx_word' id='word_1_266' title='bbox 1454 2110 1612 2149; x_wconf 82' lang='lat' dir='ltr'><strong>fecisset</strong></span> 
     </span>
     <span class='ocr_line' id='line_1_32' title="bbox 177 2166 1610 2222; baseline 0.005 -19"><span class='ocrx_word' id='word_1_267' title='bbox 177 2166 408 2206; x_wconf 83' lang='lat' dir='ltr'><strong>mentionem</strong></span> <span class='ocrx_word' id='word_1_268' title='bbox 426 2175 466 2207; x_wconf 89' lang='lat' dir='ltr'><strong>et</strong></span> <span class='ocrx_word' id='word_1_269' title='bbox 481 2168 730 2220; x_wconf 78' lang='grc' dir='ltr'>ὕπερβασιῶν,</span> <span class='ocrx_word' id='word_1_270' title='bbox 751 2182 886 2222; x_wconf 86' lang='lat' dir='ltr'><strong>pacem</strong></span> <span class='ocrx_word' id='word_1_271' title='bbox 908 2170 1043 2208; x_wconf 88' lang='lat' dir='ltr'><strong>iterum</strong></span> <span class='ocrx_word' id='word_1_272' title='bbox 1065 2171 1380 2209; x_wconf 76' lang='lat' dir='ltr'><strong>commemoravit</strong></span> <span class='ocrx_word' id='word_1_273' title='bbox 1395 2171 1610 2210; x_wconf 86' lang='lat' dir='ltr'><strong>Antalcidae</strong></span> 
     </span>
     <span class='ocr_line' id='line_1_33' title="bbox 177 2228 1611 2282; baseline 0.004 -16"><span class='ocrx_word' id='word_1_274' title='bbox 177 2228 485 2275; x_wconf 79' lang='lat' dir='ltr'><strong>Lacedaemonii3</strong></span> <span class='ocrx_word' id='word_1_275' title='bbox 517 2244 633 2282; x_wconf 86' lang='lat' dir='ltr'><strong>quam</strong></span> <span class='ocrx_word' id='word_1_276' title='bbox 652 2233 752 2271; x_wconf 87' lang='lat' dir='ltr'><strong>enim</strong></span> <span class='ocrx_word' id='word_1_277' title='bbox 772 2239 861 2271; x_wconf 86' lang='lat' dir='ltr'><strong>ante</strong></span> <span class='ocrx_word' id='word_1_278' title='bbox 889 2232 926 2270; x_wconf 86' lang='lat' dir='ltr'><strong>in</strong></span> <span class='ocrx_word' id='word_1_279' title='bbox 955 2233 1151 2270; x_wconf 87' lang='lat' dir='ltr'><strong>Persarum</strong></span> <span class='ocrx_word' id='word_1_280' title='bbox 1172 2232 1285 2270; x_wconf 86' lang='lat' dir='ltr'><strong>rebus</strong></span> <span class='ocrx_word' id='word_1_281' title='bbox 1310 2232 1532 2275; x_wconf 82' lang='lat' dir='ltr'><strong>enarrandis</strong></span> <span class='ocrx_word' id='word_1_282' title='bbox 1563 2247 1611 2272; x_wconf 86' lang='lat' dir='ltr'><strong>ex</strong></span> 
     </span>
     <span class='ocr_line' id='line_1_34' title="bbox 177 2289 1610 2345; baseline 0.004 -18"><span class='ocrx_word' id='word_1_283' title='bbox 177 2289 314 2329; x_wconf 84' lang='lat' dir='ltr'><strong>horum</strong></span> <span class='ocrx_word' id='word_1_284' title='bbox 352 2292 565 2332; x_wconf 87' lang='lat' dir='ltr'><strong>rationibus</strong></span> <span class='ocrx_word' id='word_1_285' title='bbox 596 2301 853 2339; x_wconf 85' lang='lat' dir='ltr'><strong>enarraverat,</strong></span> <span class='ocrx_word' id='word_1_286' title='bbox 896 2293 1058 2332; x_wconf 88' lang='lat' dir='ltr'><strong>eandem</strong></span> <span class='ocrx_word' id='word_1_287' title='bbox 1090 2293 1137 2331; x_wconf 92' lang='lat' dir='ltr'><strong>ad</strong></span> <span class='ocrx_word' id='word_1_288' title='bbox 1176 2293 1488 2333; x_wconf 87' lang='lat' dir='ltr'><strong>Lacedaemonios</strong></span> <span class='ocrx_word' id='word_1_289' title='bbox 1523 2307 1610 2345; x_wconf 85' lang='lat' dir='ltr'><strong>pro-</strong></span> 
     </span>
     <span class='ocr_line' id='line_1_35' title="bbox 177 2353 1611 2407; baseline 0.004 -19"><span class='ocrx_word' id='word_1_290' title='bbox 177 2363 329 2398; x_wconf 83' lang='lat' dir='ltr'><strong>gressus</strong></span> <span class='ocrx_word' id='word_1_291' title='bbox 351 2365 398 2390; x_wconf 84' lang='lat' dir='ltr'><strong>ex</strong></span> <span class='ocrx_word' id='word_1_292' title='bbox 422 2353 577 2392; x_wconf 86' lang='lat' dir='ltr'><strong>alterius</strong></span> <span class='ocrx_word' id='word_1_293' title='bbox 596 2354 713 2404; x_wconf 87' lang='lat' dir='ltr'><strong>hujus</strong></span> <span class='ocrx_word' id='word_1_294' title='bbox 733 2354 852 2404; x_wconf 82' lang='lat' dir='ltr'><strong>partis</strong></span> <span class='ocrx_word' id='word_1_295' title='bbox 872 2354 1081 2392; x_wconf 83' lang='lat' dir='ltr'><strong>rationibus</strong></span> <span class='ocrx_word' id='word_1_296' title='bbox 1101 2355 1291 2405; x_wconf 83' lang='lat' dir='ltr'><strong>exposuit,</strong></span> <span class='ocrx_word' id='word_1_297' title='bbox 1312 2362 1354 2393; x_wconf 92' lang='lat' dir='ltr'><strong>ut</strong></span> <span class='ocrx_word' id='word_1_298' title='bbox 1380 2355 1429 2393; x_wconf 92' lang='lat' dir='ltr'><strong>ab</strong></span> <span class='ocrx_word' id='word_1_299' title='bbox 1448 2361 1611 2407; x_wconf 86' lang='lat' dir='ltr'><strong>utraque</strong></span> 
     </span>
     <span class='ocr_line' id='line_1_36' title="bbox 174 2415 934 2464; baseline 0.007 -15"><span class='ocrx_word' id='word_1_300' title='bbox 174 2419 289 2463; x_wconf 79' lang='lat' dir='ltr'><strong>¹parte</strong></span> <span class='ocrx_word' id='word_1_301' title='bbox 310 2425 394 2451; x_wconf 90' lang='lat' dir='ltr'><strong>eam</strong></span> <span class='ocrx_word' id='word_1_302' title='bbox 414 2415 636 2464; x_wconf 80' lang='lat' dir='ltr'><strong>explanaret</strong></span> <span class='ocrx_word' id='word_1_303' title='bbox 655 2422 696 2454; x_wconf 88' lang='lat' dir='ltr'><strong>et</strong></span> <span class='ocrx_word' id='word_1_304' title='bbox 714 2416 934 2454; x_wconf 84' lang='lat' dir='ltr'><strong>illustraret.</strong></span> 
     </span>
    </p>

    <p class='ocr_par' dir='ltr' id='par_1_4' title="bbox 177 2473 1613 2713">
     <span class='ocr_line' id='line_1_37' title="bbox 230 2473 1612 2529; baseline 0.004 -18"><span class='ocrx_word' id='word_1_305' title='bbox 230 2473 328 2513; x_wconf 84' lang='lat' dir='ltr'><strong>Inde</strong></span> <span class='ocrx_word' id='word_1_306' title='bbox 348 2474 474 2513; x_wconf 79' lang='lat' dir='ltr'><strong>redit:</strong></span> <span class='ocrx_word' id='word_1_307' title='bbox 514 2478 586 2514; x_wconf 85' lang='grc' dir='ltr'><strong>καὶ</strong></span> <span class='ocrx_word' id='word_1_308' title='bbox 612 2479 669 2520; x_wconf 76' lang='grc' dir='ltr'><strong>ὡς</strong></span> <span class='ocrx_word' id='word_1_309' title='bbox 695 2475 950 2528; x_wconf 81' lang='grc' dir='ltr'>Τιρίβαζος</span> <span class='ocrx_word' id='word_1_310' title='bbox 982 2477 1291 2528; x_wconf 78' lang='grc' dir='ltr'>ἐπολέμησεν·</span> <span class='ocrx_word' id='word_1_311' title='bbox 1322 2478 1502 2529; x_wconf 85' lang='lat' dir='ltr'><strong>(Diodor.</strong></span> <span class='ocrx_word' id='word_1_312' title='bbox 1523 2478 1612 2517; x_wconf 89' lang='lat' dir='ltr'><strong>XV.</strong></span> 
     </span>
     <span class='ocr_line' id='line_1_38' title="bbox 177 2535 1612 2592; baseline 0.003 -19"><span class='ocrx_word' id='word_1_313' title='bbox 177 2538 217 2573; x_wconf 84' lang='lat'><strong>8.</strong></span> <span class='ocrx_word' id='word_1_314' title='bbox 237 2535 303 2574; x_wconf 89' lang='grc' dir='ltr'><strong>ΟΙ.</strong></span> <span class='ocrx_word' id='word_1_315' title='bbox 333 2536 522 2576; x_wconf 85' lang='lat' dir='ltr'>XCVIII.</span> <span class='ocrx_word' id='word_1_316' title='bbox 542 2551 642 2576; x_wconf 83' lang='lat' dir='ltr'><strong>anuo</strong></span> <span class='ocrx_word' id='word_1_317' title='bbox 662 2538 730 2577; x_wconf 84' lang='lat' dir='ltr'><strong>IV.</strong></span> <span class='ocrx_word' id='word_1_318' title='bbox 754 2552 814 2577; x_wconf 73' lang='lat' dir='ltr'><strong>ex·</strong></span> <span class='ocrx_word' id='word_1_319' title='bbox 833 2545 872 2577; x_wconf 87' lang='lat' dir='ltr'><strong>et</strong></span> <span class='ocrx_word' id='word_1_320' title='bbox 891 2542 1018 2589; x_wconf 82' lang='lat' dir='ltr'><strong>seqq.)</strong></span> <span class='ocrx_word' id='word_1_321' title='bbox 1049 2539 1166 2583; x_wconf 78' lang='grc' dir='ltr'>ὅπως</span> <span class='ocrx_word' id='word_1_322' title='bbox 1197 2555 1242 2578; x_wconf 85' lang='grc' dir='ltr'>τε</span> <span class='ocrx_word' id='word_1_323' title='bbox 1272 2539 1489 2592; x_wconf 71' lang='grc' dir='ltr'>Εὐαγόρᾳ</span> <span class='ocrx_word' id='word_1_324' title='bbox 1516 2540 1612 2584; x_wconf 79' lang='grc' dir='ltr'>ἒπε-</span> 
     </span>
     <span class='ocr_line' id='line_1_39' title="bbox 177 2595 1613 2653; baseline 0.003 -18"><span class='ocrx_word' id='word_1_325' title='bbox 177 2595 439 2645; x_wconf 76' lang='grc' dir='ltr'>βοῦλευσεν·</span> <span class='ocrx_word' id='word_1_326' title='bbox 473 2599 598 2643; x_wconf 77' lang='grc' dir='ltr'><strong>ὅπως</strong></span> <span class='ocrx_word' id='word_1_327' title='bbox 626 2616 671 2639; x_wconf 87' lang='grc' dir='ltr'>τε</span> <span class='ocrx_word' id='word_1_328' title='bbox 699 2601 836 2639; x_wconf 71' lang='grc' dir='ltr'>αὐτὸν</span> <span class='ocrx_word' id='word_1_329' title='bbox 871 2601 1116 2651; x_wconf 70' lang='grc' dir='ltr'>Εὐαγόρας</span> <span class='ocrx_word' id='word_1_330' title='bbox 1143 2602 1254 2653; x_wconf 80' lang='grc' dir='ltr'>πρὸς</span> <span class='ocrx_word' id='word_1_331' title='bbox 1285 2600 1492 2650; x_wconf 78' lang='grc' dir='ltr'>βασιλέα</span> <span class='ocrx_word' id='word_1_332' title='bbox 1522 2602 1613 2640; x_wconf 79' lang='grc' dir='ltr'>δια-</span> 
     </span>
     <span class='ocr_line' id='line_1_40' title="bbox 179 2656 969 2713; baseline 0.004 -17"><span class='ocrx_word' id='word_1_333' title='bbox 179 2656 335 2705; x_wconf 85' lang='grc' dir='ltr'>βαλὼν</span> <span class='ocrx_word' id='word_1_334' title='bbox 364 2659 593 2708; x_wconf 84' lang='grc' dir='ltr'>συνέβαλε</span> <span class='ocrx_word' id='word_1_335' title='bbox 623 2664 711 2712; x_wconf 88' lang='grc' dir='ltr'>μετ’</span> <span class='ocrx_word' id='word_1_336' title='bbox 739 2661 969 2713; x_wconf 87' lang='grc' dir='ltr'>Ὀρόντου.</span> 
     </span>
    </p>

    <p class='ocr_par' dir='ltr' id='par_1_5' title="bbox 179 2722 1616 2959">
     <span class='ocr_line' id='line_1_41' title="bbox 232 2722 1614 2775; baseline 0.001 -15"><span class='ocrx_word' id='word_1_337' title='bbox 232 2722 330 2761; x_wconf 80' lang='lat' dir='ltr'><strong>Haec</strong></span> <span class='ocrx_word' id='word_1_338' title='bbox 347 2724 476 2762; x_wconf 88' lang='lat' dir='ltr'><strong>omnia</strong></span> <span class='ocrx_word' id='word_1_339' title='bbox 498 2730 673 2774; x_wconf 84' lang='lat' dir='ltr'><strong>tempore</strong></span> <span class='ocrx_word' id='word_1_340' title='bbox 686 2724 910 2775; x_wconf 74' lang='lat' dir='ltr'><strong>postfinem</strong></span> <span class='ocrx_word' id='word_1_341' title='bbox 941 2723 1183 2774; x_wconf 79' lang='lat' dir='ltr'><strong>Olympiadis</strong></span> <span class='ocrx_word' id='word_1_342' title='bbox 1214 2723 1409 2763; x_wconf 79' lang='lat' dir='ltr'>XCVIIL</span> <span class='ocrx_word' id='word_1_343' title='bbox 1436 2723 1614 2775; x_wconf 82' lang='lat' dir='ltr'><strong>proximo</strong></span> 
     </span>
     <span class='ocr_line' id='line_1_42' title="bbox 179 2783 1614 2836; baseline 0.001 -14"><span class='ocrx_word' id='word_1_344' title='bbox 179 2788 218 2822; x_wconf 83' lang='lat' dir='ltr'><strong>et</strong></span> <span class='ocrx_word' id='word_1_345' title='bbox 230 2783 416 2836; x_wconf 86' lang='lat' dir='ltr'><strong>deinceps</strong></span> <span class='ocrx_word' id='word_1_346' title='bbox 426 2785 480 2833; x_wconf 87' lang='lat' dir='ltr'><strong>(h.</strong></span> <span class='ocrx_word' id='word_1_347' title='bbox 496 2799 530 2824; x_wconf 92' lang='lat' dir='ltr'><strong>e.</strong></span> <span class='ocrx_word' id='word_1_348' title='bbox 543 2785 608 2824; x_wconf 89' lang='lat' dir='ltr'><strong>Ol.</strong></span> <span class='ocrx_word' id='word_1_349' title='bbox 627 2785 794 2834; x_wconf 85' lang='lat' dir='ltr'>XCIX.)</span> <span class='ocrx_word' id='word_1_350' title='bbox 810 2784 912 2823; x_wconf 86' lang='lat' dir='ltr'><strong>sacta</strong></span> <span class='ocrx_word' id='word_1_351' title='bbox 926 2797 1008 2823; x_wconf 87' lang='lat' dir='ltr'><strong>esse</strong></span> <span class='ocrx_word' id='word_1_352' title='bbox 1022 2784 1120 2822; x_wconf 86' lang='lat' dir='ltr'><strong>ordo</strong></span> <span class='ocrx_word' id='word_1_353' title='bbox 1133 2784 1250 2823; x_wconf 90' lang='lat' dir='ltr'><strong>docet</strong></span> <span class='ocrx_word' id='word_1_354' title='bbox 1267 2798 1277 2829; x_wconf 89' lang='lat'>;</span> <span class='ocrx_word' id='word_1_355' title='bbox 1300 2784 1434 2823; x_wconf 83' lang='lat' dir='ltr'><strong>mirum</strong></span> <span class='ocrx_word' id='word_1_356' title='bbox 1451 2797 1533 2823; x_wconf 88' lang='lat' dir='ltr'><strong>esse</strong></span> <span class='ocrx_word' id='word_1_357' title='bbox 1547 2798 1614 2823; x_wconf 90' lang='lat' dir='ltr'><strong>ne-</strong></span> 
     </span>
     <span class='ocr_line' id='line_1_43' title="bbox 182 2844 1616 2896; baseline -0.001 -14"><span class='ocrx_word' id='word_1_358' title='bbox 182 2844 282 2894; x_wconf 83' lang='lat' dir='ltr'><strong>quit,</strong></span> <span class='ocrx_word' id='word_1_359' title='bbox 300 2846 405 2896; x_wconf 87' lang='lat' dir='ltr'><strong>quod</strong></span> <span class='ocrx_word' id='word_1_360' title='bbox 427 2846 613 2885; x_wconf 86' lang='lat' dir='ltr'><strong>recedunt</strong></span> <span class='ocrx_word' id='word_1_361' title='bbox 631 2846 670 2884; x_wconf 85' lang='lat' dir='ltr'><strong>hi</strong></span> <span class='ocrx_word' id='word_1_362' title='bbox 689 2846 836 2885; x_wconf 89' lang='lat' dir='ltr'><strong>numeri</strong></span> <span class='ocrx_word' id='word_1_363' title='bbox 860 2852 900 2884; x_wconf 88' lang='lat' dir='ltr'><strong>et</strong></span> <span class='ocrx_word' id='word_1_364' title='bbox 918 2845 1008 2884; x_wconf 90' lang='lat' dir='ltr'><strong>anni</strong></span> <span class='ocrx_word' id='word_1_365' title='bbox 1026 2846 1076 2884; x_wconf 87' lang='lat' dir='ltr'><strong>ab</strong></span> <span class='ocrx_word' id='word_1_366' title='bbox 1100 2845 1145 2883; x_wconf 78' lang='lat' dir='ltr'><strong>iis</strong></span> <span class='ocrx_word' id='word_1_367' title='bbox 1163 2845 1342 2892; x_wconf 83' lang='lat' dir='ltr'><strong>Diodori,</strong></span> <span class='ocrx_word' id='word_1_368' title='bbox 1359 2858 1479 2896; x_wconf 84' lang='lat' dir='ltr'><strong>quum</strong></span> <span class='ocrx_word' id='word_1_369' title='bbox 1495 2845 1616 2883; x_wconf 83' lang='lat' dir='ltr'><strong>omnis</strong></span> 
     </span>
     <span class='ocr_line' id='line_1_44' title="bbox 184 2907 1598 2959; baseline 0 -16"><span class='ocrx_word' id='word_1_370' title='bbox 184 2907 348 2945; x_wconf 80' lang='lat' dir='ltr'><strong>narratio</strong></span> <span class='ocrx_word' id='word_1_371' title='bbox 367 2907 516 2947; x_wconf 84' lang='lat' dir='ltr'><strong>diversa</strong></span> <span class='ocrx_word' id='word_1_372' title='bbox 544 2907 608 2954; x_wconf 87' lang='lat' dir='ltr'><strong>sit,</strong></span> <span class='ocrx_word' id='word_1_373' title='bbox 635 2914 688 2953; x_wconf 87' lang='lat' dir='ltr'><strong>et,</strong></span> <span class='ocrx_word' id='word_1_374' title='bbox 717 2909 771 2946; x_wconf 89' lang='lat' dir='ltr'><strong>utl</strong></span> <span class='ocrx_word' id='word_1_375' title='bbox 797 2919 908 2959; x_wconf 90' lang='lat' dir='ltr'><strong>supra</strong></span> <span class='ocrx_word' id='word_1_376' title='bbox 928 2907 1070 2954; x_wconf 89' lang='lat' dir='ltr'><strong>monui,</strong></span> <span class='ocrx_word' id='word_1_377' title='bbox 1098 2907 1161 2946; x_wconf 88' lang='lat' dir='ltr'><strong>hic</strong></span> <span class='ocrx_word' id='word_1_378' title='bbox 1181 2920 1203 2945; x_wconf 93' lang='lat' dir='ltr'><strong>a</strong></span> <span class='ocrx_word' id='word_1_379' title='bbox 1221 2919 1262 2945; x_wconf 84' lang='lat' dir='ltr'><strong>se</strong></span> <span class='ocrx_word' id='word_1_380' title='bbox 1281 2907 1364 2958; x_wconf 85' lang='lat' dir='ltr'><strong>ipse</strong></span> <span class='ocrx_word' id='word_1_381' title='bbox 1383 2907 1598 2945; x_wconf 89' lang='lat' dir='ltr'><strong>dissentiat.</strong></span> 
     </span>
    </p>

    <p class='ocr_par' dir='ltr' id='par_1_6' title="bbox 188 2975 1620 3090">
     <span class='ocr_line' id='line_1_45' title="bbox 240 2975 1617 3028; baseline -0.002 -13"><span class='ocrx_word' id='word_1_382' title='bbox 240 2975 452 3015; x_wconf 62' lang='lat' dir='ltr'><strong>Audiamus</strong></span> <span class='ocrx_word' id='word_1_383' title='bbox 483 2976 687 3016; x_wconf 73' lang='lat' dir='ltr'><strong>photium:</strong></span> <span class='ocrx_word' id='word_1_384' title='bbox 735 2978 808 3014; x_wconf 82' lang='grc' dir='ltr'><strong>καὶ</strong></span> <span class='ocrx_word' id='word_1_385' title='bbox 848 2980 903 3020; x_wconf 83' lang='grc' dir='ltr'><strong>ὡς</strong></span> <span class='ocrx_word' id='word_1_386' title='bbox 938 2976 1239 3025; x_wconf 80' lang='grc' dir='ltr'>Νεκτενβίιος</span> <span class='ocrx_word' id='word_1_387' title='bbox 1279 2978 1617 3028; x_wconf 71' lang='grc' dir='ltr'>παρειληφότος</span> 
     </span>
     <span class='ocr_line' id='line_1_46' title="bbox 188 3036 1620 3090; baseline 0.001 -18"><span class='ocrx_word' id='word_1_388' title='bbox 188 3040 272 3073; x_wconf 83' lang='grc' dir='ltr'><strong>τῶν</strong></span> <span class='ocrx_word' id='word_1_389' title='bbox 300 3036 567 3084; x_wconf 78' lang='grc' dir='ltr'>Αἰγυπτίων</span> <span class='ocrx_word' id='word_1_390' title='bbox 596 3036 868 3085; x_wconf 78' lang='grc' dir='ltr'>βασιλείαν,</span> <span class='ocrx_word' id='word_1_391' title='bbox 904 3038 1015 3090; x_wconf 75' lang='grc' dir='ltr'>πρὸς</span> <span class='ocrx_word' id='word_1_392' title='bbox 1043 3038 1448 3090; x_wconf 82' lang='grc' dir='ltr'>Λακεδαιμονίους</span> <span class='ocrx_word' id='word_1_393' title='bbox 1485 3052 1620 3087; x_wconf 84' lang='grc' dir='ltr'>πρεσ-</span> 
     </span>
    </p>
   </div>
  </div>
 </body>
</html>
