1924 3314
254 213 260 218 ’
291 208 345 248 34
597 265 600 267 -
820 206 874 247 Η.
907 205 1204 247 STEPHANI

291 331 422 357 eorum
451 317 639 366 exempla
695 318 794 356 Vide
823 319 936 368 igitur
962 331 1089 356 annon
1117 318 1210 367 poni
1237 317 1310 354 hoc
1335 317 1371 354 in
1398 329 1557 355 numero
1586 317 1735 367 possint

292 379 376 424 ista,
399 391 486 427 quae
512 378 631 415 habes
650 378 687 415 in
711 379 850 428 Paneg.
872 384 905 426 ξ.
930 379 1004 428 λγ’.
1025 379 1082 416 διὰ
1107 378 1142 415 δὲ
1162 380 1229 423 τὴν
1250 379 1457 425 πυκνότητα
1479 385 1552 416 τῶν
1570 375 1733 429 μεταβο-

292 442 381 483 λῶν,
402 440 625 489 ἀθυμότερον
654 439 846 488 διάγουσιν
870 441 904 478 οἱ
930 443 997 483 τάς
1019 443 1146 481 πόλεις
1170 440 1365 482 οἰκοῦντες,
1390 446 1462 476 τῶν
1485 445 1568 481 ταῖς
1593 443 1733 490 φυγαῖς

289 500 554 550 ἐζημιωμένων·
569 500 602 536 οἱ
621 500 688 550 μὲν
709 504 780 550 γὰρ
798 501 838 538 τὸ
854 503 994 551 μέλλον
1014 501 1192 543 δεδίασιν,
1213 499 1246 536 οἱ
1267 498 1303 535 δὲ
1321 499 1379 534 ἀεὶ
1399 501 1557 536 κατιέναι
1577 498 1731 550 προσδο-

291 568 390 599 κῶσι.
453 561 526 598 Ubi
555 561 668 598 etiam
694 562 860 599 voluisse
888 562 1040 599 videtur
1067 561 1237 598 alludere
1262 560 1308 597 ad
1338 560 1580 609 proverbium
1610 559 1731 596 illud:

293 627 303 643 ‘
321 624 419 672 Spes
441 623 507 660 alit
530 623 706 659 exsules.'
752 622 994 671 Subjungam
1017 622 1121 671 quod
1148 620 1344 658 affinitatis
1372 620 1531 657 multum
1552 633 1637 657 cum
1658 621 1732 657 isto

289 682 419 725 habet,
443 695 560 731 quum
584 682 620 719 in
641 696 686 719 eo
707 695 866 732 quoque
893 683 1036 719 mentio
1056 682 1136 731 spei
1159 681 1240 718 fiat.
1299 681 1432 718 Exstat
1453 686 1582 718 autem
1601 682 1638 716 in
1659 681 1731 717 Pa-

287 742 516 780 nathenaico
534 747 564 790 ξ.
578 743 619 780 δ’.
640 743 704 782 fin,
721 746 926 794 ἀτιμότεροι
946 745 1130 792 γίνονται,
1150 743 1242 793 πρὸς
1257 745 1305 793 τῷ
1319 745 1369 793 μὴ
1389 742 1504 780 δοκεῖν
1524 743 1615 788 ἄξιοί
1633 757 1732 784 τινος

285 801 395 850 εἶναι,
418 810 488 840 τῶν
507 805 728 855 ὀφειλόντων
748 808 797 855 τῷ
821 804 995 855 δημοσίῳ·
1017 810 1092 845 τοῖς
1112 804 1182 853 μὲν
1205 806 1279 853 γὰρ
1299 804 1453 840 ἐκτίσειν
1477 803 1518 840 τὸ
1538 818 1731 850 καταγνω-

287 863 373 900 σθὲν
397 864 542 907 ἐλπίδες
563 867 718 909 ὕπεισιν,
740 866 774 902 οἱ
794 864 823 901 δ’
840 864 1002 902 οὐδέποτ’
1021 862 1069 900 (ἲν
1094 866 1160 908 τὴν
1187 865 1296 914 φύσιν
1321 862 1585 913 μέταβάλοιεν.
1642 863 1732 900 Hoc

285 923 324 960 in
350 936 509 962 numero
531 926 631 973 (mea
659 924 816 974 quidem
842 925 1048 971 sententia)
1075 925 1165 975 poni
1192 930 1341 974 queunt
1370 924 1551 962 nonnulla
1572 936 1661 973 quae
1692 924 1729 960 in

285 982 521 1034 Panegyrico
542 985 720 1034 leguntur
737 985 773 1022 in
795 984 870 1022 fine
899 984 1049 1034 paginae
1070 988 1134 1022 63.
1156 984 1216 1021 ed.
1239 983 1373 1034 steph.
1393 989 1432 1020 et
1458 984 1650 1033 principio
1671 996 1730 1021 se-

284 1046 452 1093 quentis.
495 1046 569 1083 Sed
589 1046 736 1096 aptiora
757 1046 870 1082 etiam
895 1045 1010 1082 multa
1031 1045 1153 1082 lector
1171 1057 1191 1081 a
1213 1043 1507 1082 meadmonitus
1527 1044 1731 1081 observare

311 1106 437 1142 oterit.

280 1115 308 1153 p
332 1165 404 1211 (3.)
432 1165 475 1202 Iu
493 1166 592 1202 tertii
608 1166 722 1202 etiam
738 1164 877 1215 capitis
898 1164 1090 1202 Diatribes
1105 1163 1219 1212 hujus
1235 1163 1380 1200 ratione
1396 1162 1591 1200 reddenda
1607 1163 1729 1201 brevis

282 1237 370 1261 ero:
394 1230 430 1261 et
445 1238 467 1261 a
488 1225 595 1262 Fabii
609 1226 735 1263 verbis
752 1226 900 1262 initium
917 1237 1124 1262 summam:
1148 1224 1288 1274 quibus
1305 1223 1450 1270 scribit,
1469 1228 1492 1247 “
1511 1223 1729 1274 perfectum

253 1305 257 1308 ·
281 1283 386 1321 illum
417 1291 607 1323 oratorem
637 1299 749 1336 quen]
779 1286 960 1331 instituit,
985 1286 1137 1323 nonnisi
1167 1286 1287 1323 virum
1321 1286 1463 1323 bonum
1490 1299 1573 1323 esse
1599 1299 1728 1336 posse.

276 1345 446 1395 ideoque
466 1359 504 1383 se
526 1359 601 1383 uon
623 1347 780 1385 dicendi
802 1347 920 1384 modo
939 1346 1118 1384 eximiam
1138 1347 1177 1384 in
1198 1360 1244 1383 eo
1264 1346 1486 1384 facultatem
1507 1346 1575 1384 sed
1594 1359 1726 1384 omnes

279 1406 393 1443 animi
414 1407 573 1444 virtutes
594 1408 755 1457 exigere.
813 1409 952 1458 Neque
978 1408 1079 1446 enim
1107 1408 1182 1445 hoc
1204 1408 1464 1446 concesserim
1485 1408 1648 1459 (inquit)
1667 1421 1727 1446 ra-

277 1466 420 1504 tionem
447 1474 562 1505 rectae
585 1468 834 1520 honestaeque
856 1470 960 1516 vitae,
984 1476 1024 1507 ut
1047 1469 1202 1519 quidam
1222 1476 1466 1519 putaverunt,
1486 1470 1535 1507 ad
1555 1470 1728 1520 philoso-

275 1527 375 1576 phos
393 1527 659 1578 relegandam:
691 1543 808 1579 quum
830 1529 886 1567 vir
911 1530 975 1567 ille
1004 1542 1091 1567 vere
1112 1529 1250 1576 civilis,
1270 1535 1307 1566 et
1333 1525 1577 1579 publicarum
1597 1530 1723 1580 priva-

276 1593 474 1638 tarumque
501 1602 623 1627 rerum
652 1591 972 1628 administrationi
994 1591 1326 1634 accommodatus,
1347 1589 1415 1640 qui
1440 1602 1573 1639 regere
1597 1591 1723 1628 consi-

273 1648 332 1685 liis
360 1650 486 1696 urbes,
508 1650 668 1689 fundare
695 1652 856 1700 legibus,
877 1651 1080 1689 emendare
1097 1651 1260 1700 judiciis
1288 1652 1423 1701 possit,
1447 1664 1523 1689 non
1550 1652 1650 1690 alius
1675 1653 1724 1690 sit

272 1709 451 1758 profecto
473 1723 586 1759 quam
610 1712 779 1749 orator.''
822 1713 917 1749 Haec
938 1712 1016 1757 ille,
1039 1712 1149 1762 plura
1169 1713 1327 1762 quidem
1346 1718 1450 1750 certe
1471 1713 1521 1751 ab
1539 1726 1587 1750 eo
1607 1727 1720 1764 quern

271 1769 437 1807 instituit
457 1778 610 1808 oratore
630 1773 786 1822 exigens
806 1785 922 1823 quam
949 1772 1111 1810 fortasse
1131 1773 1231 1823 exigi
1253 1785 1411 1810 necesse
1431 1772 1533 1811 foret
1550 1787 1559 1811 :
1590 1787 1721 1812 verum

269 1831 373 1879 quod
395 1831 442 1868 ad
461 1831 553 1869 illud
570 1833 723 1879 attinet,
740 1839 783 1871 ut
802 1840 933 1871 orator
953 1834 1002 1872 sit
1021 1835 1080 1871 vir
1098 1834 1235 1880 bonus,
1253 1833 1297 1880 si,
1310 1833 1414 1884 quod
1436 1834 1722 1874 Demosthenes

269 1890 307 1927 in
327 1893 515 1941 prooemio
536 1894 740 1943 cujusdam
762 1895 949 1933 orationis
969 1902 1008 1933 et
1025 1895 1182 1945 quidem
1202 1895 1239 1931 in
1259 1895 1382 1944 prima
1402 1895 1520 1945 ipsius
1543 1898 1720 1945 prooemii

269 1952 432 2001 periodo
453 1953 561 1998 dicit,
585 1955 710 1992 locum
731 1955 903 2001 haberet,
924 1956 1095 2006 quemvis
1115 1964 1306 1994 oratorem
1329 1957 1446 1993 virum
1472 1969 1555 1994 esse
1575 1957 1719 1996 bonum

269 2024 425 2050 necesse
455 2014 568 2052 foret.
625 2016 684 2061 Ita
709 2017 807 2053 enim
834 2017 922 2055 ille:
944 2017 1050 2054 ’Έδει
1077 2017 1161 2066 μὲν,
1189 2014 1217 2053 ὦ
1245 2017 1375 2067 ἄνδρες
1394 2016 1608 2065 Ἀθηναῖοι,
1633 2019 1719 2063 τούς

266 2075 451 2121 λέγοντας
471 2076 645 2119 ἅπαντας
660 2077 701 2114 ἐν
718 2079 820 2127 ὑμῖν,
841 2079 931 2128 μήτε
950 2078 1042 2128 πρὸς
1061 2078 1202 2129 ’ἔχθραν
1221 2077 1406 2116 ποιεῖσθαι
1424 2081 1542 2127 λόγον
1560 2080 1717 2130 μηδένα,

266 2135 356 2183 μήτε
370 2135 461 2184 πρὸς
480 2136 608 2187 χάριν.
651 2137 751 2180 Quis
771 2140 872 2175 enim
894 2144 1038 2183 orator,
1060 2139 1131 2176 nisi
1152 2139 1251 2176 idem
1274 2139 1322 2177 sit
1342 2140 1398 2176 vir
1418 2139 1554 2186 bonus,
1572 2143 1718 2191 poterit

267 2206 338 2231 nec
359 2195 438 2231 odii
460 2209 529 2233 nec
550 2198 727 2235 amicitiae
749 2199 785 2235 in
804 2198 973 2236 dicendo
994 2199 1179 2238 rationem
1204 2200 1375 2238 habere?
1405 2200 1482 2238 Sed
1505 2214 1620 2252 quum
1637 2202 1714 2241 non

266 2253 375 2292 facile
397 2255 456 2293 11ae
477 2257 563 2293 duae
584 2258 694 2296 dotes
715 2259 751 2296 in
771 2272 885 2297 unum
901 2260 1144 2311 eundemque
1160 2269 1314 2312 coeant,
1333 2269 1373 2299 ut
1393 2261 1567 2300 nimirum
1591 2264 1713 2303 bonus

266 2321 394 2353 orator
420 2318 549 2367 virque
570 2319 691 2357 bonus
719 2321 781 2367 sit,
804 2320 865 2358 hic
889 2334 970 2359 esse
991 2321 1133 2358 debere
1154 2321 1304 2359 videtur
1327 2325 1447 2366 πλοῦς
1474 2323 1649 2376 δεύτερος,
1673 2333 1714 2364 ut

266 2377 321 2414 vir
341 2376 463 2415 bonus
485 2378 681 2418 habeatur.
739 2382 782 2418 In
804 2388 986 2433 promptu
1008 2382 1106 2420 enim
1127 2382 1224 2420 ratio
1240 2389 1312 2428 est,

603 2471 708 2511 Τρόπος
722 2471 788 2502 ἔσθ’
802 2473 814 2503 ὁ
831 2472 930 2505 πείθων
945 2475 995 2504 τοῦ
1011 2473 1152 2512 λέγοντος,
1164 2475 1192 2505 οὐ
1207 2475 1298 2513 λόγος.

263 2552 317 2588 At
343 2550 390 2587 de
421 2557 551 2589 nostro
575 2554 744 2592 Isocrate
773 2555 864 2605 quid
896 2556 1082 2602 dicemus,
1103 2558 1141 2594 in
1171 2556 1283 2606 cujus
1309 2558 1548 2597 orationibus
1578 2573 1709 2600 omnes

261 2612 542 2660 καλοκᾳγαὲίας
563 2620 664 2652 notae
687 2616 938 2656 elucescunt?
989 2618 1126 2669 Neque
1147 2632 1234 2656 vero
1253 2631 1340 2656 eum
1361 2621 1563 2658 verisimile
1579 2630 1636 2660 est
1657 2624 1709 2662 ita

262 2672 310 2709 de
327 2686 366 2709 se
385 2672 489 2723 loqui
504 2687 680 2713 ausurum
699 2676 833 2715 fuisse:
863 2684 1082 2730 πειρώμενος
1102 2682 1172 2729 γὰρ
1185 2682 1452 2731 ἀναμαρτήτως
1471 2682 1537 2735 ζῇν
1557 2684 1616 2719 καὶ
1632 2671 1708 2728 τοῖς

261 2732 395 2775 ἄλλοις
414 2735 578 2778 ἀλύπως.
596 2736 665 2772 nisi
687 2750 726 2773 se
748 2737 879 2775 haberi
901 2739 1033 2776 saltem
1056 2752 1125 2789 pro
1152 2740 1217 2777 tali
1239 2740 1427 2778 scivisset.
1484 2742 1558 2779 Sed
1580 2749 1705 2781 tamen

259 2793 289 2830 si
303 2793 386 2843 quis
409 2794 533 2832 locum
552 2796 653 2834 hunc
675 2804 711 2834 et
732 2798 826 2835 alios
841 2800 1024 2848 quosdam
1047 2799 1131 2848 ejus
1151 2800 1198 2837 de
1215 2800 1343 2850 seipso
1362 2801 1553 2851 loquentis
1572 2815 1704 2853 suspe-

257 2859 340 2892 ctos
365 2855 497 2906 habet,
519 2857 652 2895 saitem
680 2858 909 2909 Dionysium
932 2861 1262 2911 Halicarnasseum
1290 2861 1437 2907 audiat,
1458 2862 1515 2899 vde
1539 2865 1703 2903 consilio

253 2917 356 2966 quod
378 2917 440 2955 iile
463 2918 762 2958 Lacedaemoniis
780 2921 845 2958 dat
863 2922 899 2959 in
922 2924 1170 2969 Archidamo,
1194 2925 1277 2961 haec
1297 2924 1528 2963 scribentem
1542 2929 1601 2974 (ut
1621 2927 1699 2966 dixi
