1914 3314
268 197 379 250 336
749 203 1243 249 ΙΣΟΚΡΑΤΟΤΣ

262 317 435 376 πόλεως
459 318 498 369 ἓν
524 314 723 375 κινδύνοις
748 314 875 378 οὔσης
897 317 926 379 ἢ
949 317 1182 393 σφαλεξῶς
1216 318 1334 388 ati-tii
1370 323 1454 372 τῶν
1487 324 1705 397 πραγμά-

264 415 347 443 των
374 391 735 453 καθεστηκότων,
752 391 863 442 ἀλλ’
884 390 930 442 οὗ
950 391 1131 451 πλείους
1148 390 1227 461 μὲν
1245 391 1416 466 τριήρεις
1431 394 1458 455 ἢ
1476 393 1707 456 διακοσίας

1298 465 1311 482 2
1430 467 1442 480 ‚

1094 462 1106 484 X
1177 463 1189 482 Χ

262 462 546 534 κεκτημένης,
569 463 723 538 εἷξῆνην
749 461 790 515 δὲ
816 463 894 515 καὶ
921 463 988 516 τοὶ
1012 488 1107 541 περι
1133 489 1210 526 την
1235 489 1384 539 χωξαν
1409 468 1604 532 συνούσης
1627 469 1704 522 καὶ

258 594 365 630 nostri,
384 605 498 624 morum
517 594 699 634 probitatem
716 604 774 623 non
797 604 814 623 e
828 594 963 624 multitu·

258 638 330 666 dine
346 644 376 667 et
392 639 580 668 accuratione
597 637 695 676 legum
713 636 843 676 pendere
861 636 964 666 existi-

258 687 384 715 mantes,
400 690 456 709 non
474 680 606 719 porticus
623 680 753 717 legibus,
777 679 828 708 sed
850 680 968 716 animos

254 723 376 760 justitia
392 724 541 752 ornandos
554 722 728 756 censebam,
744 729 797 750 nec
813 722 966 760 quomodo

257 765 454 795 immodestos
475 765 624 805 punirent,
645 765 832 802 spectabant,
855 765 906 793 sed
928 774 964 793 ne

257 817 346 846 poena
375 808 458 846 digni
488 812 599 842 essent,
627 808 783 842 cavebant,
814 807 964 845 siquidem

257 851 335 880 male
356 851 475 880 educati
493 851 538 879 vel
558 849 686 888 optimas
709 850 792 888 leges
815 854 962 888 transgre-

257 893 411 928 derentur,
429 895 502 923 bene
523 892 653 921 instituti
675 903 711 921 ne
729 892 822 921 malas
843 892 962 930 quidem

256 935 454 973 negligerent.
483 933 563 974 (ιζ’.)
588 934 763 972 Quanquam
782 940 881 963 autem
898 935 963 963 nnl—

255 978 314 1008 lam
344 979 454 1008 civium
481 984 599 1007 aetatem
631 978 832 1014 negligebant,
863 977 963 1006 adole-

256 1027 377 1051 scentes
393 1026 490 1050 tamen
514 1025 616 1059 utpote
638 1019 904 1049 turbulentissimis
921 1021 962 1048 af-

254 1064 384 1093 fectibus
402 1070 430 1093 et
447 1064 582 1102 pluribus
600 1063 817 1101 cupiditatibus
833 1062 962 1100 agitatos

255 1107 410 1145 praecipne
424 1107 633 1145 inspiciebant.
646 1115 792 1143 quemque
802 1115 856 1143 pro
871 1104 962 1134 facul-

255 1154 317 1179 tate
334 1150 371 1179 ad
384 1151 510 1179 honesta
521 1149 622 1178 studia
636 1158 669 1177 ac
680 1148 832 1186 jucundos
843 1147 961 1177 labores

255 1193 503 1227 assuefacientes,
519 1192 588 1221 dum
606 1191 756 1229 pigritiam
774 1191 883 1228 inopiae
902 1201 961 1219 ma-

255 1241 331 1265 trem
348 1241 377 1265 et
393 1235 525 1274 inopiam
542 1235 670 1263 omnium
687 1234 867 1272 flagitiorum
885 1243 962 1271 prae-

255 1279 418 1317 cepti-icem
430 1277 652 1307 existimabant.
674 1275 751 1315 (ιη’.)
770 1276 921 1314 Denique,
931 1281 961 1305 ut

256 1321 368 1350 nullam
385 1327 501 1350 aetatem
521 1320 718 1358 negligerent,
734 1320 806 1348 urbe
822 1319 850 1347 in
865 1318 960 1347 tribus

254 1364 366 1400 divisa,
387 1374 518 1402 agroque
539 1363 569 1392 in
595 1372 703 1401 pagos,
725 1362 961 1399 uniuscujusque

255 1406 346 1436 vitam
362 1408 505 1435 notabant
524 1411 554 1435 et
573 1415 676 1444 parum
699 1404 836 1433 modeste
857 1414 889 1432 se
909 1413 961 1439 ge-

252 1455 355 1479 rentes
376 1449 406 1478 in
425 1450 567 1478 Senatum
589 1448 788 1476 abducebant.
833 1445 866 1475 Is
886 1446 961 1475 alios

253 1502 384 1527 mouere,
413 1492 482 1522 aliis
507 1491 648 1525 minitari,
674 1490 818 1528 aliosque,
847 1492 879 1517 ut
907 1498 961 1526 par

252 1540 329 1571 erat,
345 1535 461 1574 punire.
505 1534 581 1563 Nam
601 1544 658 1562 non
677 1531 832 1571 vigilantia
851 1531 958 1566 solum,

250 1578 302 1606 sed
327 1588 413 1617 poena
439 1586 558 1617 quoqne
587 1586 663 1613 opus
690 1585 757 1604 esse
783 1574 959 1603 credebant.

249 1620 333 1649 Hinc
354 1621 412 1649 alia
437 1629 560 1657 prorsus
581 1628 674 1655 eaque
691 1627 762 1646 vera
782 1623 852 1646 tnnc
867 1617 958 1654 jnve-

248 1672 317 1692 num
334 1663 457 1692 vivendi
474 1661 562 1691 ratio.
592 1659 675 1701 (16‘.)
699 1659 821 1696 Quodsi
836 1659 957 1689 hodier-

246 1715 312 1734 nam
337 1706 487 1743 vitupero,
513 1714 559 1733 me
584 1714 642 1732 non
657 1703 824 1741 juvenibus
846 1703 957 1732 iratum

246 1757 315 1777 esse
336 1748 443 1782 sciant,
462 1748 516 1776 sed
540 1746 590 1781 iis,
615 1747 667 1785 qui
687 1746 788 1785 paullo
812 1750 879 1775 ante
903 1755 957 1774 nos

247 1790 465 1829 rempublicam
513 1789 754 1819 administrantes
800 1788 957 1826 Areopagi

245 1833 456 1863 anctoritatem
490 1832 706 1872 dissolvergqt.
750 1831 822 1872 (κ’.)
856 1831 956 1869 Hujus

245 1877 303 1906 sub
320 1876 449 1914 imperio
471 1875 654 1913 respublica,
675 1874 792 1904 interna
814 1879 955 1903 externa-

245 1930 303 1958 que
319 1920 420 1957 quiete
439 1919 555 1958 gavisa,
569 1917 684 1947 Graecis
697 1917 806 1952 tidelis,
821 1915 954 1946 barbaris

243 1962 445 1992 formidabilis
460 1962 527 1991 fuit.
570 1962 608 1990 ln
623 1970 696 1998 agro
712 1961 798 1989 cives
813 1960 910 1990 securi
924 1964 954 1988 et

243 2005 359 2041 felices,
385 2005 414 2034 in
440 2006 513 2034 urbe
534 2003 663 2034 modesti
685 2003 778 2032 vitum
804 2002 950 2041 transige-

244 2049 329 2084 bant,
343 2048 518 2077 felicitatem
536 2057 593 2077 non
609 2047 702 2076 fastus
717 2046 891 2081 insolentia,
906 2045 960 2074 sed

244 2091 297 2120 tali
315 2100 413 2120 rerum
430 2091 664 2120 necessariarum
682 2089 773 2128 copia
786 2089 960 2123 metientes,

245 2144 282 2163 ne
295 2134 362 2172 quis
377 2134 488 2163 civium
505 2137 620 2171 egeret.
654 2133 744 2162 Nunc
756 2132 847 2161 multa
860 2132 887 2160 in
901 2132 958 2161 hoc

247 2176 516 2206 administrationis
540 2180 618 2206 statu
644 2185 747 2204 secum
775 2180 906 2214 pugnant
928 2180 959 2203 et

247 2229 354 2257 magno
379 2219 553 2258 reipublicae
575 2218 718 2248 dedecori
742 2224 820 2247 sunt.
865 2216 956 2257 (ια’.)

247 2262 383 2298 Quorum
400 2262 472 2292 nihil
489 2263 545 2291 sub
562 2261 614 2291 illo
635 2262 744 2291 Senatu
763 2261 829 2296 snit,
845 2260 896 2299 qui
914 2265 956 2289 te-

247 2306 385 2334 nuiornrn
410 2305 540 2344 inopiam
566 2305 698 2339 levabat,
722 2304 955 2341 magistratuum

247 2347 382 2376 avaritiae
408 2348 507 2377 frenos
534 2347 698 2386 injiciebat,
714 2345 888 2385 juventutis
911 2346 956 2374 in-

248 2390 475 2429 temperantiam
501 2392 672 2425 coercebat,
694 2390 778 2419 cives
799 2399 816 2418 a
838 2389 957 2427 cupidi-

246 2436 307 2462 tate
331 2434 458 2462 habendi
481 2433 639 2468 retinebat,
657 2432 779 2462 senibus
805 2436 956 2472 torporem

247 2476 436 2511 excutiebat,
452 2475 643 2515 omniumque
664 2485 762 2505 rerum
780 2475 955 2513 diligentem

247 2528 348 2548 curam
370 2518 565 2556 suscipiebat.
599 2517 692 2557 (ιβ’.)
719 2520 818 2556 Atque
842 2527 957 2551 eorum,

246 2571 313 2600 quae
330 2562 456 2590 sortasse
472 2572 489 2590 a
504 2571 550 2590 me
567 2561 765 2600 praetermissa
781 2565 861 2596 sunt,
873 2560 956 2589 simi·

246 2604 304 2634 lem
322 2604 468 2633 rationem
485 2604 589 2640 fuisse,
606 2614 621 2633 e
638 2604 729 2633 dictis
746 2604 833 2633 facile
848 2603 957 2633 intelli-

248 2648 338 2685 gitur.
367 2646 457 2687 (κγ’.)
475 2648 659 2685 Objecerunt
674 2647 794 2686 quidem
811 2646 956 2682 nonnulli,

249 2700 303 2719 vos
319 2690 390 2719 mihi
407 2699 555 2727 nunquam
573 2690 600 2718 in
616 2691 669 2718 hac
687 2701 718 2719 re
734 2691 956 2728 obtemperatu-

248 2742 301 2762 ros
313 2739 403 2770 atque
416 2733 494 2762 bunc
506 2742 603 2761 rerum
619 2738 733 2761 statum·
744 2737 869 2771 propter
885 2742 959 2761 con-

250 2775 442 2805 suetudinem
468 2775 664 2804 emendatiori
689 2780 718 2804 et
740 2775 872 2804 feliciori
897 2775 956 2804 rei-

249 2818 379 2857 publicae
401 2818 453 2847 vix
473 2818 701 2857 praeposituros,
718 2817 759 2846 ita
777 2824 820 2852 ut,
840 2818 959 2856 perdita

248 2870 355 2900 opera,
366 2861 438 2890 nibil
453 2861 614 2895 efficerem,
628 2870 713 2898 quam
737 2865 767 2889 ut
783 2861 897 2899 populo
912 2861 958 2890 in-

247 2906 349 2934 sensus
373 2909 403 2933 et
421 2903 597 2942 oligamhiaew
615 2902 806 2932 instituendae
827 2903 958 2941 cupidus

247 2948 379 2977 viderer.
401 2945 483 2988 (ιδ’)
504 2947 571 2985 Ego
594 2955 669 2975 nero
690 2945 770 2975 baud
794 2955 899 2974 novam
927 2951 958 2976 et

245 2990 392 3020 occultun
419 2988 721 3023 administrationem.
750 2987 802 3018 sed
832 2988 957 3018 manife-

246 3038 321 3063 stum
343 3038 373 3062 et
395 3032 520 3071 patriam
547 3031 737 3063 commendo,
760 3040 826 3069 qnae
846 3035 875 3060 et
899 3031 954 3060 rei-

1001 593 1131 632 publicae
1151 599 1274 631 nostrae,
1290 597 1320 625 et
1335 596 1459 635 reliquis
1475 598 1592 628 Graecis
1611 600 1704 638 pluri-

999 647 1062 666 mas
1082 637 1230 667 utilitates
1250 639 1379 677 peperit,
1404 639 1575 678 vituperans
1593 644 1704 681 ubique

999 680 1139 717 injustam
1157 671 1402 717 dominationem,
1417 682 1616 720 aequalitatem
1635 696 1704 715 vero

998 727 1028 751 et
1043 723 1258 752 democratiam
1279 730 1361 753 recte
1384 725 1547 754 ordinatam
1568 725 1705 763 laudans,

998 774 1055 802 qua
1079 764 1130 803 qui
1153 770 1286 801 utuntur,
1310 766 1477 796 felicissimi
1501 778 1620 807 semper
1641 771 1705 799 fue-

997 813 1074 836 runt.
1108 807 1191 848 (κε’.)
1217 809 1399 847 Oligarchiae
1424 820 1531 849 nempe
1556 811 1604 840 vel
1627 811 1704 842 mala

998 850 1192 886 democratia,
1216 852 1312 890 qualis
1335 853 1399 881 haec
1420 858 1521 881 nostra
1541 859 1598 888 est,
1615 855 1704 894 longe

997 895 1204 931 anteponenda
1221 894 1290 923 erit.
1323 893 1415 934 (κε’.)
1437 895 1534 935 Cujus
1549 896 1704 935 utriusque

997 934 1172 972 discrimen,
1185 937 1242 965 etsi
1257 938 1295 965 ab
1305 937 1444 966 instituto
1456 938 1587 967 alienum
1600 939 1704 969 videa—

996 983 1054 1013 tur,
1071 983 1181 1014 tamen,
1198 989 1234 1008 ne
1249 979 1361 1008 delicta
1379 980 1572 1009 democratiae
1593 987 1703 1011 nostrae

996 1021 1212 1060 perstringere,
1234 1021 1312 1051 bona
1330 1023 1486 1059 praeterire
1503 1022 1618 1058 videar,
1635 1025 1703 1054 bre-

996 1063 1075 1092 viter
1098 1074 1258 1102 exponam.
1295 1064 1384 1103 (κζ’.)
1419 1065 1494 1094 Post
1521 1065 1638 1095 cladem
1664 1068 1702 1096 ad

995 1105 1235 1144 AEgospotamon
1260 1113 1412 1146 acceptam
1438 1108 1631 1138 democratia:
1657 1108 1702 1137 fa-

996 1154 1102 1178 ventes
1116 1149 1262 1188 quidquid
1285 1160 1341 1188 pro
1363 1149 1504 1179 libertate
1523 1151 1584 1188 pati
1606 1152 1702 1188 parati

996 1198 1091 1226 erant,
1107 1191 1279 1230 oligarcbiae
1296 1202 1368 1221 vero
1389 1192 1503 1230 cupidi,
1521 1192 1701 1223 servitutem

997 1235 1099 1264 subire
1115 1235 1193 1263 haud
1210 1235 1394 1264 recusabant.
1431 1235 1581 1272 Quamdiu
1599 1235 1702 1265 demo-

997 1277 1091 1306 cratia
1108 1276 1220 1312 floruit,
1236 1288 1291 1306 nos
1313 1278 1438 1307 aliorum
1459 1277 1580 1307 arcibus
1595 1279 1703 1316 praesi-

996 1319 1046 1348 dia
1060 1319 1268 1358 imposuimus,
1280 1320 1401 1358 triginta
1414 1331 1483 1349 vero
1497 1321 1702 1358 regnantibus,

995 1368 1097 1391 nostra
1112 1364 1149 1390 ab
1166 1363 1300 1391 hostibus
1315 1368 1463 1402 occupata
1477 1363 1545 1393 fuit.
1581 1363 1702 1402 Oligar-

996 1404 1063 1433 cbia
1088 1404 1174 1433 nobis
1197 1405 1353 1444 imperium
1376 1406 1500 1443 eripuit,
1519 1406 1703 1437 democratia

994 1446 1138 1475 reddidit.
1162 1448 1238 1476 Haec
1251 1448 1353 1476 urbem
1366 1447 1502 1476 aeditic'iis
1516 1453 1546 1477 et
1561 1449 1658 1478 sacris
1672 1455 1703 1479 et

995 1489 1129 1527 profanis
1150 1490 1285 1526 ornavit,
1308 1488 1360 1518 illa
1377 1490 1524 1528 neglexit,
1541 1491 1703 1529 expilavit,

994 1531 1164 1568 destruxit,
1187 1532 1352 1571 oligarchia
1367 1532 1538 1565 innumeros·
1554 1534 1638 1562 cives
1652 1544 1703 1564 oc-

994 1574 1109 1604 ciditet
1120 1575 1148 1605 in
1157 1575 1298 1604 exsilium
1311 1575 1410 1613 misit;
1425 1575 1612 1605 democratia
1620 1585 1703 1606 man-

993 1623 1080 1646 snete
1100 1623 1131 1647 et
1153 1617 1286 1647 civiliter
1309 1627 1381 1657 erga
1400 1617 1485 1648 cives
1507 1618 1584 1655 egit.
1613 1617 1702 1660 (κη’.)

993 1659 1243 1689 ὒΙᾶηευείαάἰυὶε
1266 1671 1338 1690 vero
1362 1666 1393 1690 et
1413 1660 1563 1700 aequitatis
1583 1661 1702 1700 signum

992 1703 1179 1733 democratia
1193 1703 1282 1733 dedit
1301 1703 1463 1733 maximum
1486 1708 1518 1733 et
1536 1704 1701 1742 pulcherri—

992 1756 1071 1775 mum
1088 1756 1136 1781 eo,
1151 1747 1233 1785 quod
1249 1746 1405 1784 pecuniam
1423 1747 1461 1776 ad
1476 1746 1701 1777 democraticos

992 1791 1211 1828 expugnandos
1222 1799 1239 1818 a
1253 1788 1491 1818 Lacedaemoniis
1503 1794 1607 1818 mutuo
1619 1800 1701 1820 snm-

991 1837 1084 1870 ptam,
1109 1833 1199 1861 rebus
1226 1832 1377 1861 restitutis
1408 1831 1607 1862 communiter
1635 1843 1701 1863 esse

991 1873 1164 1903 solvendam
1186 1874 1315 1910 censuit,
1336 1885 1397 1913 quo
1415 1879 1496 1904 tanta
1517 1874 1596 1904 inter
1617 1876 1701 1906 cives

990 1917 1152 1946 concordia
1172 1922 1238 1946 orta
1259 1923 1318 1951 est,
1342 1923 1376 1946 nt
1396 1917 1631 1953 Lacedaemonii,
1648 1919 1700 1957 qui

991 1960 1045 1988 sub
1076 1959 1242 1999 oligarcbia
1271 1960 1358 1989 nobis
1387 1960 1613 1998 imperitabant,
1643 1962 1701 1991 sub

990 2001 1175 2032 democratia
1193 2013 1210 2032 a
1229 2003 1316 2031 nobis
1336 2002 1484 2031 auxilium
1505 2006 1608 2032 contra
1622 2003 1701 2034 The-

993 2045 1086 2075 banos
1114 2050 1262 2084 peterent.
1307 2044 1401 2085 (κδ’.)
1432 2046 1508 2083 Quae
1537 2045 1636 2075 omnia
1663 2057 1700 2076 eo

991 2094 1140 2126 spectant,
1162 2089 1300 2128 primum,
1317 2093 1350 2117 ut
1366 2099 1412 2117 me
1428 2088 1601 2126 oligarcbiae
1621 2089 1701 2119 haud

991 2141 1145 2160 suasorem
1162 2141 1230 2161 esse
1246 2131 1414 2166 ostendam,
1427 2130 1548 2170 deinde,
1559 2136 1593 2160 ut
1608 2141 1702 2170 appan

991 2179 1054 2202 reat
1082 2174 1294 2203 democratiam
1324 2173 1372 2202 vel
1401 2173 1479 2202 male
1504 2173 1698 2204 constitutam

991 2217 1164 2255 oligarchiae
1180 2217 1268 2255 longe
1285 2216 1501 2254 praeferendam
1519 2225 1600 2246 esse.
1623 2214 1698 2257 (λ’.)

990 2260 1022 2288 Si
1044 2260 1113 2298 quis
1139 2260 1268 2288 sortasse
1289 2259 1424 2295 miretur,
1446 2268 1538 2296 quare
1562 2268 1617 2298 pro
1642 2259 1699 2289 hoc

990 2302 1126 2332 civitatis
1154 2307 1244 2337 statu,
1269 2301 1320 2340 qui
1347 2305 1431 2330 tanta
1457 2306 1577 2339 tamque
1606 2301 1700 2332 multa

990 2345 1239 2385 effecerit,atium
1252 2343 1395 2374 substitui
1410 2343 1610 2383 versuumque
1620 2354 1700 2375 nnnc

989 2389 1129 2426 probem,
1146 2398 1212 2426 quae
1228 2387 1335 2426 quavis
1358 2387 1416 2416 alia
1437 2388 1600 2416 occasione
1622 2387 1700 2417 vitu·

988 2441 1113 2469 perem3
1143 2429 1233 2471 (λα’.)
1262 2430 1289 2458 ie
1313 2429 1400 2464 sciat,
1424 2430 1498 2458 lianc
1523 2429 1699 2469 reipublicae

989 2474 1128 2509 formam,
1144 2483 1210 2512 quae
1226 2483 1304 2502 nunc
1324 2477 1383 2508 est,
1398 2473 1467 2501 aliis
1486 2472 1606 2510 quidem
1621 2482 1700 2512 prae·

988 2517 1141 2546 serendam
1164 2526 1244 2551 esse,
1267 2516 1322 2545 sed
1346 2515 1461 2545 ratione
1483 2519 1627 2550 nostrum,
1646 2514 1699 2554 qui

989 2569 1029 2588 ex
1049 2559 1172 2599 optimis
1193 2559 1356 2596 majoribus
1372 2558 1430 2587 orti
1446 2567 1561 2593 sumus,
1577 2567 1699 2596 magno-

988 2612 1061 2641 pere
1079 2602 1319 2641 vituperandam,
1334 2610 1442 2639 meque
1458 2600 1547 2629 etiam
1563 2599 1699 2639 singulos

990 2645 1138 2681 homines,
1163 2645 1214 2683 qui
1235 2655 1274 2674 ex
1299 2642 1500 2683 integerrimis
1525 2642 1600 2672 viris
1623 2643 1699 2676 nati.

990 2687 1091 2726 paullo
1120 2688 1278 2727 probiores
1311 2692 1378 2715 snut
1407 2684 1615 2724 nequissimis,
1642 2695 1698 2714 non

990 2736 1048 2760 tam
1063 2731 1183 2760 laudare
1199 2739 1288 2768 quam
1304 2729 1488 2766 vituperare.
1519 2726 1610 2767 (23¹.)
1629 2728 1699 2758 l-luc

990 2774 1118 2808 accedit,
1138 2774 1219 2813 quod
1244 2776 1347 2802 nostra
1369 2780 1490 2809 qnoque
1513 2774 1594 2800 terra
1613 2770 1698 2801 viros

991 2817 1087 2856 gignit
1109 2822 1140 2846 et
1160 2816 1226 2851 alit,
1248 2824 1336 2854 quum
1363 2813 1400 2843 ad
1423 2818 1504 2842 artes
1526 2817 1556 2842 et
1579 2814 1700 2852 negotia

989 2859 1228 2892 sollertissimos,
1246 2862 1309 2887 tum
1323 2855 1499 2885 fortitudine
1514 2854 1698 2895 reliquisque

990 2902 1151 2932 virtutibus
1172 2904 1362 2940 mutuantes,
1376 2898 1420 2927 uti
1443 2907 1460 2928 e
1483 2897 1610 2936 proeliis,
1630 2909 1699 2938 quae

989 2945 1099 2983 priscis
1113 2942 1297 2982 temporibus
1314 2941 1540 2976 commiserunt,
1556 2941 1631 2971 satis
1644 2951 1699 2980 up·

989 2992 1085 3026 paret.
1114 2984 1207 3025 (xyst)
1228 2986 1329 3023 Atque
1350 2984 1415 3013 haec
1437 2983 1615 3014 observatio
1638 2993 1697 3014 non

989 3035 1047 3060 tam
1061 3029 1141 3059 laudi
1158 3028 1246 3058 nobis
1259 3036 1346 3065 quam
1361 3026 1503 3056 dedecori
1516 3032 1574 3061 est,
1585 3025 1699 3067 quippe
