1924 3314
468 193 529 232 IN
564 192 915 233 ISOCRATEM
950 192 1279 232 DIATRIBAE.
1536 192 1590 233 49

151 304 266 341 etiam
285 304 466 353 Κήρυκος,
486 305 593 342 litera
616 307 651 342 K
673 307 897 354 majuscula.
950 305 1109 354 Alioqui
1131 317 1205 341 non
1227 305 1339 341 video
1365 316 1451 354 quae
1472 304 1588 352 hujus

150 363 227 400 loci
259 364 526 414 interpretatio
547 367 670 403 afferri
700 367 833 414 possit.
890 366 990 403 Nam
1012 366 1041 403 si
1062 365 1244 402 voluisset
1272 364 1486 415 significare
1506 364 1588 402 stir-

149 436 236 472 pem
264 424 367 460 illam
391 438 410 462 a
443 427 626 476 quodam,
646 427 711 476 qui
732 439 861 475 praeco
892 426 1075 463 Mercurii
1099 425 1184 470 suit,
1211 438 1348 462 nomen
1376 424 1586 473 accepisse,

150 484 266 532 paulo
286 485 399 522 aliter
413 489 471 533 (ut
497 487 648 536 opinor)
669 487 820 523 locutus
848 486 1009 523 fuisset:
1041 491 1080 523 et
1100 486 1156 522 his
1173 486 1233 522 vel
1254 485 1442 523 similibus
1462 484 1587 522 verbis

148 558 240 581 usus
268 553 392 583 esset:
423 547 496 584 α’πό
529 548 627 590 τινὸς
653 547 695 589 ὃς
728 549 834 597 κῆρυξ
859 553 922 584 τοῦ
943 547 1082 598 Ἑρμοῦ
1100 546 1262 594 ἐγένετο.
1320 545 1392 582 Sed
1410 558 1495 582 eum
1512 545 1588 582 hoc

149 605 278 642 dicere
299 607 478 651 voluisse,
511 620 641 657 parum
675 607 767 644 mihi
800 608 849 646 sit
877 608 1093 645 verisimile.
1150 607 1286 644 Exstat
1318 612 1442 643 autem
1478 606 1586 643 locus

151 666 330 704 Isocratis
361 666 440 717 μβ.
462 667 694 719 Εὐμολπίδαι
723 667 763 705 δὲ
785 671 843 706 καὶ
866 671 1011 719 κήρυκες
1027 669 1066 706 ἐν
1084 671 1127 722 τῇ
1147 670 1272 721 τελετῇ
1291 673 1362 704 τῶν
1379 670 1588 717 μυστηρίων

151 733 227 765 etc.
248 728 322 765 Sed
340 729 586 767 scribendum
598 743 738 768 censeo
754 730 815 768 hic
832 744 990 780 quoque
1004 731 1172 779 Κήρυκες
1187 729 1297 766 litera
1311 728 1347 765 K
1363 728 1592 777 majuscula.

155 787 351 837 Interprcs
375 796 515 834 tamen,
537 795 717 837 tanquam
738 790 1025 839 appellativum,
1045 788 1441 837 reddidit‘praecones.

205 848 598 894 ΚΟΡΟΠΛΑΘΟΣ,
618 850 828 899 Ἰσοκράτης
857 850 898 886 ἐν
915 852 963 900 τῷ
992 851 1074 899 περὶ
1092 854 1156 892 τῆς
1176 848 1410 891 οἰντιέόσεως.
1441 848 1540 891 Τούς
1559 849 1596 886 ἐκ

154 914 286 957 πηλοῦ,
306 911 328 954 ἢ
357 916 477 961 κηροῦ,
497 912 518 955 ἢ
548 910 648 952 τινὸς
677 911 845 956 τοιαύτης
866 909 971 960 ὕλης,
994 913 1227 951 πλάττοντας
1253 907 1360 958 κόρας
1388 910 1409 953 ἢ
1437 913 1598 959 κούρους,

155 973 272 1014 οὕτως
293 973 494 1023 ὠνόμαζον.
524 971 833 1009 HARPocRAT.

186 1064 188 1067 ,
207 1030 595 1078 ΚΟΡΟΠΛΑΘΟΣ,
618 1031 737 1070 Isocr.
766 1032 808 1069 iu
838 1037 935 1070 orat.
956 1033 1021 1070 De
1042 1032 1338 1082 permutatione.
1397 1031 1477 1068 Eos
1496 1031 1562 1081 qui
1582 1046 1599 1067 e

155 1093 256 1138 luto,
273 1098 343 1131 aut
361 1106 458 1139 cera,
475 1097 545 1131 aut
564 1105 608 1130 ex
628 1093 709 1131 alia
728 1093 947 1143 hujusmodi
963 1094 1137 1136 materia,
1151 1091 1342 1142 puellulas
1357 1096 1427 1129 aut
1440 1091 1597 1142 puellu-

154 1153 418 1206 lusfingebat,
440 1155 497 1193 ita
514 1155 714 1193 vocabant.
771 1154 912 1192 Suidas
938 1155 1080 1192 habet:
1113 1154 1367 1205 Κοροπλάθοι,
1385 1154 1419 1190 οἱ
1437 1152 1521 1195 τοὺς
1540 1155 1597 1190 κό-

151 1232 240 1266 ρους
270 1217 498 1259 πλάττοντες
531 1218 624 1267 κηρῷ
655 1217 678 1260 ἢ
710 1216 827 1267 γῦψιρ.
853 1219 1018 1253 τουτέστι
1047 1217 1093 1252 τά
1125 1217 1198 1259 ζῶα
1230 1214 1368 1251 πάντα.
1427 1213 1504 1250 Ubi
1523 1226 1600 1250 non

155 1276 316 1315 dubium
337 1284 396 1315 est
414 1277 503 1328 quin
533 1278 757 1314 mendosum
786 1276 836 1314 sit
864 1277 938 1314 hoc
965 1279 1144 1320 τουτέστι,
1165 1281 1204 1312 et
1223 1288 1310 1325 quae
1330 1273 1600 1323 distinguenda

157 1345 278 1384 erant,
300 1338 398 1375 male
429 1339 466 1375 in
497 1351 611 1375 unum
645 1337 805 1374 confusa
833 1337 999 1374 suerint:
1034 1342 1074 1374 ut
1093 1350 1138 1373 ex
1164 1335 1210 1373 iis
1232 1349 1319 1385 quae
1339 1335 1377 1372 in
1397 1334 1601 1373 Thesauro

158 1412 243 1436 meo
272 1401 427 1437 Graecae
458 1400 599 1449 linguae
633 1399 748 1449 leges,
779 1399 848 1436 tibi
879 1398 1095 1449 apparebit.
1153 1400 1248 1435 Sunt
1276 1396 1342 1448 qui
1369 1397 1601 1448 κοροπλάθον

155 1474 346 1511 puparum
365 1462 547 1512 fictorem
578 1462 888 1510 interpretentur.
949 1461 1072 1497 Locus
1103 1472 1218 1510 porro
1239 1458 1424 1496 Isocratis
1445 1457 1482 1494 in
1504 1457 1603 1495 illius

158 1522 340 1559 orationis
361 1522 472 1559 initio
490 1522 561 1559 tibi
580 1529 769 1559 occurret.

210 1582 499 1627 ΛΟΓΙΣΜΟΣ,
529 1585 551 1627 ἡ
578 1585 767 1629 λογιστικὴ
799 1584 923 1632 τέχνη.
953 1582 1162 1631 Ἰσοκράτης
1186 1580 1387 1630 Βουσίριδι.
1419 1579 1605 1616 HARPo-

162 1654 300 1683 CRAT.
1532 1665 1535 1667 >
1592 1677 1594 1681 ,

210 1706 507 1752 ΛΟΓΙΣΜΟΣ,
526 1706 778 1756 Supputandi
798 1718 874 1751 [tr-5,
887 1706 961 1742 sive
977 1703 1238 1753 computandi.
1271 1703 1390 1741 Isocr.
1405 1701 1606 1740 Busiride.

159 1766 275 1816 Apud
299 1767 420 1804 Isocr.
440 1767 478 1804 in
499 1767 678 1804 Buriside
701 1771 731 1813 ξ.
752 1766 799 1803 θ’.
822 1767 967 1816 plurale
987 1768 1184 1815 λογισμοῖς
1204 1764 1405 1809 habemus,
1426 1777 1504 1812 non
1530 1764 1606 1800 sin-

159 1828 289 1877 gulare
307 1831 492 1879 λογισμῷ.
549 1828 607 1865 lta
635 1827 736 1864 enim
755 1827 808 1863 ibi
830 1826 1016 1875 scriptum
1039 1832 1120 1862 est:
1152 1826 1193 1861 ἐν
1213 1826 1438 1874 ἀστρονομίᾳ
1457 1824 1518 1859 καὶ
1546 1826 1607 1859 λο-

161 1895 312 1941 γισμοῖς
329 1891 387 1926 καὶ
404 1892 608 1940 γεωμετρίᾳ
623 1887 823 1937 διατρίβειν
835 1887 991 1925 ἔπεισεν.
1009 1885 1072 1923 sed
1093 1885 1246 1922 minime
1263 1884 1423 1921 dubium
1444 1890 1502 1921 est
1518 1883 1608 1931 quin

160 1953 330 2001 λογισμῷ
350 1963 426 1987 uon
448 1953 647 1999 λογισμοῖς
669 1950 852 1998 scriptum
872 1947 936 1985 hic
957 1947 1006 1983 ab
1025 1944 1336 1996 Harpocratione
1351 1944 1481 1982 fuerit.
1522 1944 1609 1980 Cae-

160 2017 285 2049 terum
301 2014 502 2061 λογισμοῖς
523 2011 616 2047 illud
634 2009 809 2047 redditur
830 2009 879 2046 ab
899 2009 1111 2057 interprete
1131 2005 1386 2044 arithmetica.

219 2071 563 2116 ΛΟΓΟΠΟῙΟΣ,
582 2073 599 2109 ὁ
618 2073 675 2119 ὑφ’
693 2074 796 2121 ἡμῶν
817 2068 994 2120 ἱστορικὸς
1013 2070 1228 2116 λεγόμενος.
1258 2065 1466 2113 Ἰσοκράτης
1480 2065 1613 2102 Βουσί-

169 2135 254 2183 ριδι.
288 2134 593 2171 HARPocRAT.

223 2194 559 2239 ΛΟΓΟΠΟΙΟΣ,
581 2195 649 2244 qui
674 2206 696 2230 α
718 2187 828 2230 nobis
847 2193 996 2232 dicitur
1018 2191 1241 2228 historicus.
1276 2188 1396 2227 Isocr.
1419 2187 1618 2226 Busiride.

170 2260 292 2296 Isocr.
322 2259 359 2295 in
390 2259 483 2296 Bus.
509 2262 544 2306 ξ.
573 2257 624 2294 ιε’.
655 2258 895 2307 ὁμολογεῖται
924 2254 959 2292 δὲ
989 2256 1088 2303 παρὰ
1119 2253 1268 2290 πάντων
1295 2258 1366 2289 τῶν
1394 2254 1616 2299 λογοποιῶν.

169 2319 292 2357 Paulo
317 2325 405 2369 post
430 2324 556 2356 autem
583 2317 743 2368 legimus
768 2317 882 2354 etiam
910 2315 1067 2353 verbum
1091 2313 1194 2363 quod
1222 2326 1269 2349 ex
1290 2312 1364 2349 hoc
1389 2310 1539 2349 nomine
1561 2310 1616 2347 fa-

170 2387 276 2417 ctum
298 2387 369 2426 est,
391 2380 456 2417 ubi
475 2379 606 2417 scribit
623 2392 632 2415 :
663 2381 721 2415 καὶ
739 2381 884 2420 πολλὰς
904 2377 1030 2418 ἄλλας
1050 2376 1209 2426 α’νομίας
1229 2375 1503 2423 ἐλογοποίησαν
1522 2375 1611 2410 κατὰ

169 2442 317 2480 τούτων.

221 2501 729 2545 ΞΕΝΙΤΕΥΟΜΕΝΟΥΣ,
747 2502 828 2538 α’ντὶ
846 2504 908 2537 τοῦ
921 2496 1251 2549 μισθοφοροῦντας.
1267 2498 1359 2542 ξένοι
1377 2495 1413 2533 δὲ
1433 2496 1466 2532 οἱ
1480 2493 1613 2544 μισθο-

170 2567 286 2616 φόροι.
335 2564 546 2613 Ἰσοκράτης
564 2562 790 2612 Φιλιππικῷ7
809 2562 876 2597 κάν
901 2561 972 2596 τινὶ
995 2565 1065 2596 τῶν
1083 2559 1174 2609 πρὸς
1191 2557 1378 2595 Φίλιππον
1396 2557 1613 2594 ἐπιστολῶν.

175 2629 482 2666 HARPOCRAT.

224 2683 738 2730 ΞΕΝΙΤΕΥΟΜΕΝΟΥΣ,
765 2682 809 2720 id
834 2686 905 2726 est,
926 2680 1090 2718 mercede
1118 2679 1346 2716 militantes.
1375 2680 1466 2724 ξένοι
1495 2682 1619 2715 autem

174 2750 241 2801 qui
260 2747 428 2787 mercede
444 2747 633 2784 militant.
666 2744 785 2782 Isocr.
798 2757 853 2781 or.
872 2742 983 2780 Phil.
999 2747 1035 2779 et
1055 2742 1096 2779 in
1117 2740 1282 2791 quadam
1300 2740 1549 2789 epistolarum
1569 2738 1621 2776 ad

176 2810 423 2860 Philippum.
484 2808 686 2856 Tanquam
716 2804 964 2855 praecedente
996 2802 1150 2840 nomine
1180 2804 1332 2847 Εενίτης,
1362 2801 1504 2838 dicitur
1531 2803 1620 2844 ξενι·

175 2872 335 2922 τεΰομαι,
358 2870 506 2908 etiamsi
538 2869 730 2918 Harpocr.
752 2866 897 2903 nullam
928 2863 1042 2912 hujus
1063 2863 1129 2900 sed
1161 2867 1309 2900 tantum
1338 2861 1501 2899 nominis
1530 2861 1622 2904 ξένοι

889 2936 916 2963 H
