1914 3314
214 808 265 845 79

287 224 392 271 250

760 224 1249 268 ΙΣΟΚΡΑΤΟΥΣ

283 343 336 370 τῶν
350 338 484 377 μεγάλας
498 337 593 370 πόλεις
607 335 654 365 καὶ
670 337 780 370 πολλὰς
795 337 891 377 χώρας
908 334 1188 374 καταστρεφομένη.
1201 334 1243 364 ἐ’τι
1265 333 1293 364 δὲ
1309 334 1529 374 παρακελεύεται
1545 332 1709 373 μιμεῖσθαι

283 384 330 411 »riv
343 380 449 419 ΗξακΤ
452 379 506 413 ἑςου
521 390 553 408 τε
569 376 718 419 προαίρεσιν
731 379 779 407 καὶ
795 381 850 406 τᾶν
864 379 958 406 ἄλλων
973 377 1116 415 ἡγεμόνων,
1129 375 1184 406 ὅσοι
1196 379 1275 414 μετὰ
1290 379 1343 405 τῶν
1356 377 1490 406 Ἐλληνων
1505 375 1549 405 ἐπὶ
1566 387 1628 408 τους
1642 373 1711 414 βαρ-

283 421 402 461 Βάρους
394 421 595 461 εστράτευσαν.
608 421 656 450 καί
671 428 740 459 <pari
754 423 851 461 χξῆναι
866 421 930 453 τοὺς
944 418 1040 458 ἑτέρων
1055 418 1229 457 διαφὲξοντας
1244 419 1434 458 προαιρεῖσθαι
1450 419 1504 458 μὲν
1518 420 1571 451 τὰς
1585 416 1711 456 μέγεθος

282 464 333 505 ἔχε
324 465 405 497 ὕσας
425 463 558 502 πράξεις,
576 463 715 493 ἐπιτελεῖν
735 463 756 491 δ’
775 463 864 494 αυτας
884 459 954 501 μετ’
969 462 1078 500 ἀρετῆς,
1097 459 1338 500 ἐνθυμουμένους’
1330 460 1372 490 σ’τι
1394 461 1426 490 τὸ
1445 461 1498 500 μὲν
1513 463 1602 497 σῶμα
1619 458 1711 488 Θνητόν

281 507 397 547 ἔχομεν,
416 505 548 535 ἀθάνατοι
563 504 591 535 δὲ
609 503 739 544 γινόμεθα
755 503 788 533 δι’
803 505 909 542 &gerim
925 514 971 531 και
986 504 1046 536 τοῖς
1060 502 1114 542 μὲν
1134 503 1197 543 πρὸς
1216 503 1288 532 ἄλλο
1306 514 1335 531 τι
1350 505 1404 532 τῶν
1422 503 1537 541 ἀγαθῶν
1553 502 1711 534 ἀπληστως

283 547 464 587 διακειμένοις
475 547 645 588 ἀχθόμεθα,
659 558 724 580 τους
738 546 765 576 δὲ
781 548 867 586 τιμὴν
880 544 969 585 μείζω
982 546 1033 578 τῆς
1029 545 1231 596 μἰἶνιῆιιςριςούινιις
1245 545 1287 573 ἀει
1301 544 1457 583 κτωμένους
1471 545 1648 583 εωαινοῧμεν·
1663 555 1710 573 και

282 589 326 620 ἔτι
337 594 391 620 τῶν
403 590 457 629 μὲν
470 591 562 619 ἄλλων
577 589 623 629 ἐφ’
632 601 668 622 οις
676 600 820 639 χαιξουσιν
834 589 855 617 οἱ
870 587 982 622 πολλοι,
996 589 1044 616 τοῦ
1059 599 1091 617 τε
1104 588 1227 616 πλούτου
1239 598 1285 615 και
1299 588 1387 627 ἀρχης
1399 587 1445 615 και
1461 585 1629 620 δυναστειας,
1639 592 1709 615 πολ·

283 633 364 666 λάκις
383 633 448 666 τοὺς
468 631 579 672 εχθρους
600 629 748 671 συμβαίνει
769 629 898 668 γίνεσθαι
920 629 1032 670 κυςίους,
1047 632 1098 662 τῆς
1117 628 1138 658 δ’
1157 631 1254 669 ἄξει-ἧς
1274 640 1320 658 και
1340 631 1390 662 τῆς
1409 631 1487 667 παξᾶ,
1501 630 1559 662 τοῖς
1579 627 1712 658 πλήθεσιν

281 674 380 708 εὐνοίας
395 686 458 709 τους
477 673 584 707 uiue-¹:012
604 673 726 703 ἑκάστου
744 673 926 712 κληςονομειν.
969 674 1064 701 Πολλὴ
1085 674 1136 710 γὰξ
1159 672 1262 708 ἀνάγκη
1284 683 1347 704 τους
1366 671 1600 708 ἀναγινώσκοντας
1613 671 1711 700 ταῦτα

283 717 422 751 δυνάστας
436 715 608 756 φξονῆματός
618 726 650 744 τε
665 726 714 755 με
706 714 786 753 ἷζονος
803 713 1046 753 ὑποπίμπλασθαι
1058 714 1105 743 καὶ
1119 716 1232 752 μᾶλλον
1246 712 1390 753 ἐπιθυμεῖν
1403 715 1454 746 τῆς
1467 714 1574 753 ἀρετῆς.

355 797 413 849 α’.
455 808 551 850 MH
579 795 886 867 θαυμάσῃς,
853 804 882 847 ὠ
911 794 1134 858 Φιλιππε,
1162 794 1268 847 διοτι
1306 820 1380 847 του
1415 795 1549 862 λόγου
1579 794 1711 856 ποιῆ-
1729 809 1780 843 82

281 893 420 942 σομοιι
459 896 537 926 την
575 870 717 945 οἷξχῆν
756 869 802 920 ου’
843 893 918 920 του
958 893 1073 942 προς
1111 869 1161 921 σὲ
1204 868 1490 945 ῥηθησομενου
1535 868 1611 920 κοιι
1648 891 1714 920 νυν

324 1001 611 1031 SUMMARIUM.
628 999 700 1040 (α’.)
710 1000 818 1037 Neque
830 998 928 1027 aetatis
939 998 986 1026 in-

244 1054 249 1056 ·
284 1044 436 1079 firmitate,
454 1043 611 1082 Philippe,
629 1051 725 1080 neque
741 1040 850 1070 delirio
872 1040 984 1079 aliquo,

288 1087 444 1125 sedjustis
459 1087 497 1115 de
513 1085 615 1115 causis
627 1083 842 1124 paullatimque
857 1084 895 1112 ad
908 1083 985 1112 hauc

285 1130 452 1159 orationem
461 1127 650 1158 scribendam
663 1127 812 1156 adductus
825 1136 901 1155 sum.
915 1124 958 1164 (Β’
960 1128 985 1164 .)

285 1172 376 1201 Bello
397 1171 476 1201 enim
500 1169 729 1201 Atheniensium
752 1170 790 1198 de
806 1167 982 1207 Amphipoli

286 1219 385 1244 tecum
401 1214 498 1243 adhuc
514 1211 814 1250 durante,equidem,
827 1221 918 1249 quum
932 1210 984 1239 alii

285 1261 430 1296 utrosque
446 1266 500 1285 vos
516 1256 554 1284 ad
570 1255 682 1284 bellum
695 1254 888 1293 instigarent,
901 1252 984 1291 pacis

285 1299 438 1328 faciundae
458 1302 564 1328 auctor
582 1297 638 1332 fui,
654 1297 795 1332 suadens,
812 1302 844 1325 ut
859 1295 983 1334 Amphi-

285 1341 382 1381 polin,
399 1342 484 1379 cujus
505 1339 662 1379 possessio
685 1341 724 1368 ob
744 1338 831 1368 nimis
846 1348 982 1376 magnam

285 1385 457 1414 distantiam
470 1393 567 1422 neque
580 1381 809 1411 Atheniensibus
821 1390 916 1419 neque
927 1380 983 1409 tibi

286 1427 325 1456 ob
341 1426 566 1456 Atheniensium
582 1424 770 1453 inimicitiam
786 1423 869 1452 utilis
892 1427 983 1457 esset,

286 1469 406 1499 nomine
424 1469 485 1498 illis
507 1468 656 1501 traderes,
670 1476 777 1495 revera
797 1464 983 1505 possideres.

288 1511 364 1552 (γ’.)
389 1512 498 1540 Verum
515 1520 604 1549 quum
620 1519 677 1547 ego
692 1509 721 1538 in
737 1509 793 1537 hoc
809 1513 984 1545 argumento

287 1564 439 1588 versarer,
469 1563 522 1582 vos
553 1552 695 1591 prudenti
725 1550 849 1579 consilio
880 1559 983 1588 pacem

286 1596 419 1631 fecistis,
439 1595 615 1634 priusquam
637 1593 734 1623 oratio
753 1592 889 1621 absoluta
910 1597 985 1621 erat.

286 1639 323 1679 (δ’
326 1638 350 1677 .)
371 1639 528 1678 Reputans
542 1636 636 1675 igitur
651 1645 779 1669 mecum,
793 1644 849 1672 qua
868 1633 984 1663 ratione

287 1691 347 1719 pax
378 1681 457 1709 facta
489 1682 688 1719 permaneret,
719 1682 849 1707 nostram
880 1677 984 1706 civita-

288 1727 348 1752 tem
379 1723 456 1751 haud
487 1722 653 1760 quieturam
686 1730 754 1750 esse
782 1718 981 1758 reperiebam,

288 1764 346 1794 nisi
373 1764 513 1794 inaximae
536 1763 685 1798 civitates,
708 1762 886 1801 compositis
909 1762 986 1791 inter

289 1817 321 1837 se
348 1806 526 1841 discordiis,
556 1806 667 1835 bellum
697 1805 727 1834 in
754 1804 858 1834 Asiam
891 1809 987 1833 traus-

288 1850 411 1889 ferrent,
447 1853 477 1878 et
510 1849 721 1882 emolumenta,
754 1857 820 1886 quae
854 1856 932 1875 nunc
969 1856 986 1874 a

289 1892 404 1922 Graecis
429 1895 622 1930 extorquent,
645 1900 662 1919 a
685 1889 818 1919 barbaris
839 1893 986 1928 peterent

287 1934 352 1976 (ε’.)
372 1936 471 1973 Quam
487 1935 525 1963 ob
535 1943 654 1963 causam
667 1931 863 1971 Pauegyricae
875 1931 986 1960 oratio-

289 1977 338 2007 nis
353 1981 572 2016 argumentum,
585 1986 644 2014 quo
659 1975 770 2004 nullum
786 1979 885 2012 potest
901 1974 985 2003 inve-

289 2020 347 2049 niri
363 2019 519 2049 honestius
535 2029 591 2048 nec
605 2017 724 2047 cunctis
739 2017 855 2046 Graecis
871 2016 987 2051 utilius,

290 2063 391 2091 denuo
413 2067 541 2091 tractare
563 2066 688 2090 conatus
707 2070 783 2094 sum,
803 2059 859 2088 boc
878 2058 986 2088 discri-

289 2105 381 2140 mine,
402 2109 436 2134 ut
458 2103 630 2138 consilium,
653 2103 682 2132 in
704 2102 759 2131 hac
781 2102 926 2136 oratione,
948 2101 986 2130 ad

289 2157 381 2178 unum
409 2147 517 2183 virum,
543 2146 595 2185 qui
619 2146 688 2175 huic
713 2144 834 2182 negotio
857 2153 987 2183 praeesse

289 2190 400 2228 possit,
410 2190 473 2219 illic
489 2190 527 2218 ad
540 2189 645 2228 plures
661 2187 799 2226 dirigam.
813 2185 856 2228 (ς’
859 2186 883 2226 .)
904 2187 987 2223 Quo-

289 2233 369 2262 niam
395 2243 477 2268 ver0,
500 2232 654 2270 Philippe,
676 2237 708 2260 tu
729 2230 757 2259 is
776 2239 820 2264 es,
844 2229 895 2267 qni
917 2228 987 2258 talia

291 2275 408 2304 efficere
421 2275 528 2314 possis,
544 2274 601 2304 tibi
617 2282 762 2304 suasurus
776 2282 853 2307 sum,
869 2277 902 2301 ut
916 2281 986 2301 con-

291 2317 403 2346 cordiae
418 2318 495 2347 inter
505 2319 630 2347 Graecos
645 2315 834 2346 stabiliendae
849 2319 880 2344 et
890 2324 988 2353 expe-

291 2359 400 2389 ditioni
417 2365 522 2389 contra
539 2360 679 2389 barbaros
695 2357 894 2396 suscipiendae
910 2367 986 2396 prae-

293 2412 362 2432 esse
378 2402 465 2432 velis.
489 2401 559 2443 (ζ’.)
588 2403 807 2442 opposuerunt
820 2401 941 2440 quidem
953 2410 986 2429 se

294 2444 432 2480 consilio,
457 2445 596 2474 mittendi
626 2445 681 2475 tibi
707 2443 871 2473 orationem
899 2443 986 2478 hanc,

293 2488 481 2517 familiarium
512 2498 644 2517 meorum
677 2486 822 2521 nonnulli,
846 2495 894 2516 res
920 2490 987 2514 tuas

294 2535 405 2569 gestas,
434 2530 624 2568 prudentiam
653 2540 688 2559 ac
720 2529 928 2559 consiliatores
957 2527 987 2556 in

294 2573 467 2602 memoriam
484 2573 556 2602 mihi
567 2578 754 2607 revocantes,
767 2581 801 2600 ac
814 2571 987 2610 Philippum

281 2615 434 2654 injuriam
460 2615 518 2644 sibi
544 2615 652 2645 factam
679 2614 920 2644 existimaturum
944 2613 988 2642 di-

295 2665 409 2687 centes.
439 2656 510 2698 (η’.)
532 2658 592 2687 Sed
609 2668 698 2696 quum
715 2657 880 2686 orationem
891 2657 988 2695 ipsam

295 2700 509 2740 perlegissent,
521 2711 578 2730 non
595 2700 690 2729 solum
706 2700 849 2735 omnium,
861 2709 929 2739 quae
944 2698 989 2728 di-

294 2746 414 2778 xerant,
425 2753 477 2772 eos
491 2743 645 2782 poenituit,
655 2743 707 2772 sed
720 2743 811 2780 hujus
821 2742 913 2772 etiam
924 2751 990 2771 ora·

294 2785 386 2815 tionis
413 2795 501 2824 quam
525 2786 653 2824 primum
675 2785 732 2814 tibi
756 2785 912 2814 mittendae
938 2794 990 2814 au-

296 2832 395 2860 ctores
413 2829 544 2858 fuerunt.
574 2827 645 2869 (9¹.)
665 2828 712 2857 Ne
728 2827 819 2865 igitur
834 2827 914 2857 idem
935 2826 990 2856 tibi

296 2871 418 2901 eveniat
434 2871 514 2909 qnod
537 2870 734 2900 familiaribus
755 2871 841 2905 meis,
858 2875 921 2899 tota
935 2869 991 2899 tibi

295 2914 481 2953 perlegenda
504 2913 564 2943 erit
586 2913 694 2949 oratio,
719 2912 893 2951 priusquam
911 2912 992 2951 judi-

286 2956 377 2987 ,οἰιιιιι
387 2956 427 2986 de
435 2955 589 2986 illmt'eras.
613 2955 676 2997 (ι’.)
690 2957 708 2986 J
713 2954 885 2984 udicaveris
895 2960 992 2985 autem

297 2999 423 3037 optime,
438 3008 474 3028 an
494 3009 594 3038 operae
617 2998 747 3038 pretinm
763 2998 834 3037 quid
852 2997 994 3032 dixerim,

1023 999 1050 1028 si
1075 999 1177 1029 missis
1202 999 1352 1034 omnibus,
1376 1010 1442 1037 quae
1468 999 1504 1028 ad
1531 998 1713 1028 rhetoricam
1759 1017 1761 1020 <

1021 1046 1109 1079 atque
1125 1041 1204 1071 illam
1223 1042 1411 1080 praelegendi
1431 1047 1526 1070 artem
1549 1041 1712 1080 pertinent,

1021 1084 1058 1112 ad
1084 1093 1132 1113 res
1159 1084 1348 1113 solummodo
1371 1089 1513 1119 attentus,
1536 1095 1621 1113 usum
1645 1094 1712 1113 ora-

1019 1126 1110 1155 tionis
1120 1127 1221 1165 potius
1237 1136 1253 1155 e
1266 1136 1366 1155 rerum
1381 1131 1573 1156 tractatarum
1587 1126 1713 1156 veritate

1017 1178 1104 1206 quam
1119 1168 1203 1206 vulgi
1216 1168 1357 1207 opinione
1369 1178 1491 1198 mensus
1503 1169 1609 1198 fueris,
1631 1167 1714 1210 (ια’.)

1018 1210 1095 1241 Pars
1106 1213 1204 1249 prior:
1219 1212 1252 1240 de
1265 1210 1373 1241 Graecis
1386 1212 1461 1240 inter
1474 1221 1501 1241 se
1515 1212 1714 1242 conciliandis.

1017 1253 1047 1282 Si
1061 1255 1184 1283 Graecos
1199 1253 1277 1283 inter
1289 1264 1321 1283 se
1339 1253 1502 1283 conciliare
1513 1254 1570 1289 vis,
1583 1258 1712 1293 quatuor

1017 1296 1216 1331 solummodo,
1227 1307 1244 1325 a
1256 1295 1365 1335 quihus
1380 1296 1505 1334 reliquae
1520 1306 1622 1326 ornnes
1638 1306 1712 1336 pen-

1017 1339 1100 1374 dent,
1115 1338 1146 1368 in
1161 1339 1352 1368 concordiam
1363 1339 1542 1368 reducendae
1554 1339 1610 1368 tibi
1625 1344 1713 1368 erunt

1020 1382 1209 1419 Argivorum,
1227 1382 1537 1417 Lacedaemoniorum,
1551 1382 1711 1412 Thebano-

1018 1433 1094 1457 rum,
1122 1423 1412 1462 Atheniensiumque
1445 1424 1596 1454 civitates.
1631 1422 1713 1464 (ιβ’.)

1018 1466 1109 1495 Nulla
1126 1470 1225 1495 autem
1245 1466 1347 1495 harum
1366 1466 1422 1495 tibi
1445 1466 1627 1504 negligenda
1643 1466 1711 1502 erit,

1018 1518 1107 1545 quum
1124 1508 1255 1537 maxima
1273 1508 1432 1537 earundem
1451 1508 1481 1537 in
1498 1510 1626 1547 majores
1642 1513 1710 1537 tuos

1017 1549 1164 1579 beneficia
1178 1555 1310 1579 exstent.
1345 1549 1428 1591 (ιγ’.)
1454 1551 1541 1580 Nunc
1557 1561 1628 1580 vero
1641 1561 1709 1590 per-

1018 1596 1188 1631 opportuna
1216 1593 1313 1627 adest,
1341 1598 1372 1622 et
1397 1593 1500 1622 debita
1528 1592 1590 1622 illis
1617 1593 1711 1631 digno

1018 1635 1108 1664 modo
1133 1634 1281 1670 solvendi,
1304 1639 1334 1664 et
1359 1636 1467 1671 omnia,
1493 1645 1559 1673 quae
1582 1645 1710 1674 unquam

1017 1676 1048 1706 in
1074 1677 1144 1706 illos
1176 1677 1353 1716 deliqueris,
1377 1678 1558 1707 obliterandi
1581 1678 1712 1708 occasio.

1018 1718 1097 1760 (ιδ’.)
1113 1719 1156 1749 Αι
1165 1720 1292 1749 fortasse
1303 1719 1446 1757 objicient
1458 1721 1603 1756 nonnulli,
1615 1731 1711 1759 neque

1019 1763 1153 1800 Argivos
1176 1772 1303 1801 unquam
1330 1762 1567 1793 Lacedaemoniis
1597 1763 1711 1792 amicos

1019 1806 1135 1834 futuros
1157 1814 1236 1839 esse,
1253 1814 1348 1842 neque
1368 1805 1615 1835 Lacedaemonios
1633 1805 1711 1835 The-

1019 1847 1117 1876 banis.
1155 1846 1231 1887 (ιε’.)
1261 1847 1381 1883 Quibus
1404 1849 1587 1886 respondeo,
1608 1857 1711 1877 omnes

1019 1889 1240 1920 calamitatibus
1259 1895 1444 1928 exaequatos,
1463 1891 1622 1920 commoda
1641 1900 1712 1920 cou-

1019 1931 1131 1962 cordiae
1150 1942 1247 1961 rerum
1271 1933 1396 1962 antehac
1416 1938 1569 1972 gestarum
1593 1933 1712 1970 injustae

1019 1974 1146 2004 habendi
1182 1974 1342 2013 cupiditati
1375 1975 1466 2014 longe
1497 1975 1713 2015 praeposituros

1020 2028 1099 2046 esse.
1137 2016 1222 2057 (ις’.)
1245 2017 1323 2046 Fieri
1339 2017 1461 2056 quidem
1475 2023 1591 2057 potest,
1608 2022 1641 2046 ut
1656 2018 1712 2046 hoc

1019 2060 1172 2098 negotium
1202 2059 1305 2098 paullo
1334 2060 1487 2090 difficilius
1515 2060 1566 2096 sit,
1596 2059 1650 2089 sed
1679 2060 1711 2089 id

1019 2102 1128 2141 ipsum,
1139 2103 1220 2140 quod
1235 2107 1267 2133 tu
1283 2102 1365 2131 solus
1377 2102 1422 2132 illi
1435 2113 1490 2142 par
1501 2102 1555 2138 sis,
1566 2103 1602 2132 ad
1615 2101 1712 2132 susci-

1019 2144 1162 2183 piendum
1183 2145 1258 2174 illud
1278 2149 1309 2174 te
1330 2145 1466 2175 excitare
1488 2145 1590 2175 debet.
1628 2143 1713 2185 (ιζ’.)

1020 2187 1081 2224 Qui
1096 2188 1172 2217 hanc
1190 2198 1253 2217 rem
1271 2187 1352 2216 nullo
1366 2188 1454 2226 plane
1468 2187 1559 2217 modo
1572 2187 1714 2226 expediri

1019 2241 1111 2269 posse
1137 2230 1308 2269 opinantur,
1329 2229 1382 2259 isti
1408 2240 1504 2269 neque
1528 2230 1599 2269 quid
1625 2233 1713 2259 antea

1019 2273 1128 2302 factum
1153 2273 1205 2308 sit,
1230 2282 1325 2311 neque
1349 2273 1500 2312 ingenium
1524 2274 1712 2308 Graecorum,

1021 2315 1180 2345 utilitatem
1196 2315 1333 2345 omnibus
1348 2317 1438 2346 rebus
1454 2315 1712 2356 anteponentium,

1019 2368 1114 2397 neque
1134 2358 1280 2397 miserias,
1294 2368 1392 2396 neque
1408 2358 1537 2397 denique
1552 2358 1712 2388 auctorita-

1021 2401 1060 2430 tis
1071 2406 1130 2431 tuae
1141 2401 1201 2430 vim
1212 2401 1334 2430 novisse
1343 2399 1591 2442 declarant-(inst)
1601 2401 1713 2431 Utrum

1021 2454 1092 2473 vero
1107 2443 1256 2482 primariae
1273 2444 1398 2473 Graeciae
1410 2444 1563 2479 civitates,
1575 2453 1647 2482 quaa
1660 2453 1713 2473 no-

1020 2486 1144 2521 miuavi¹
1170 2487 1208 2515 ad
1232 2486 1488 2516 reconciliationis
1511 2486 1712 2516 maturitatem

1020 2529 1214 2568 pervenerint
1235 2539 1289 2558 nec
1310 2539 1359 2563 ue,
1380 2539 1396 2558 e
1415 2529 1584 2559 rationibus
1605 2538 1714 2558 eorun-

1021 2572 1089 2601 dem
1112 2572 1191 2601 inter
1213 2582 1245 2600 se
1266 2571 1407 2601 facillime
1429 2570 1600 2611 apparebit.
1630 2570 1712 2611 (10'.)

1022 2614 1242 2644 Lacedaemonii
1260 2619 1332 2653 post
1344 2619 1499 2653 acceptam
1513 2613 1551 2643 ad
1569 2614 1713 2643 Leuctras

1021 2657 1137 2687 cladem
1159 2657 1188 2686 in
1210 2656 1350 2686 maximis
1373 2656 1522 2695 augustiis
1544 2660 1712 2686 versantur.

1023 2699 1094 2742 (κ’.)
1118 2700 1177 2729 His
1192 2699 1374 2729 infeliciores
1395 2698 1484 2728 etiam
1502 2698 1612 2738 Argivi
1633 2705 1715 2734 sunt,

1023 2743 1088 2782 qui,
1106 2743 1184 2772 bello
1205 2742 1410 2778 finitimorum,
1428 2751 1488 2780 quo
1508 2741 1714 2772 indesinenter

1023 2787 1086 2815 fere
1116 2790 1300 2824 premuntur,
1324 2793 1530 2823 nonuunquam
1559 2789 1715 2821 vacantes,

1024 2828 1230 2858 nobilissimos
1264 2826 1567 2866 opulentissimusque
1602 2826 1715 2857 civium

1025 2871 1188 2901 trucidant.
1211 2869 1300 2911 (καί.)
1315 2869 1459 2904 Thebani,
1469 2870 1607 2908 quamvis
1618 2870 1717 2908 splen-

1025 2914 1214 2944 didissimam
1234 2912 1262 2941 in
1285 2912 1424 2942 Leuctris
1444 2921 1460 2941 e
1483 2911 1719 2942 Lacedaemoniis

1027 2957 1184 2987 victoriam
1193 2956 1400 2993 deportarunt,
1408 2960 1505 2984 tamen
1516 2955 1634 2984 fortuna
1643 2955 1720 2985 male

1027 2999 1210 3035 usi,orunem
1221 2997 1277 3026 hoc
1287 3002 1423 3036 tempore
1435 2997 1542 3027 salutis
1552 3007 1636 3036 spem
1648 2997 1678 3027 in
1690 3002 1721 3026 te
