1914 3314
191 188 273 229 870

234 303 314 332 bello
332 303 463 332 Persico.
480 303 554 332 ibid.
577 304 647 332 dum
661 304 810 342 imperant
826 306 897 342 post

233 345 393 376 Persicum
418 347 541 380 bellum,
561 346 661 375 socios
685 347 846 380 inducunt,
865 351 896 374 nt

233 388 410 428 reipublicae
432 389 556 418 formam
574 390 805 427 amplectantur.
823 390 896 418 517.

233 430 392 469 imperium
413 431 541 460 Graeciae
564 436 635 470 post
659 432 771 461 bellutu
790 429 894 460 Persi-

232 483 300 502 cum
315 484 408 503 annos
421 473 580 511 sexaginta
591 473 725 513 quinque
736 474 896 503 continuos

234 521 408 545 tenuerunt.
424 519 499 546 518.
523 516 663 546 omnibus
680 517 799 545 Graeeis
819 517 894 545 Bar-

233 558 375 597 barisque
401 559 460 588 sibi
484 559 609 588 infensis
635 569 690 598 per
714 558 894 588 decennium

232 611 302 630 sese
337 608 557 641 opposuerunt.
589 602 664 631 ibid.
706 601 896 631 crudelitatis

197 673 199 675 .
233 649 371 682 tempore
397 644 519 683 imperii
544 645 620 674 falso
644 644 793 683 suspecti.
820 645 894 674 519.

232 696 291 715 non
309 687 431 725 quidem
447 687 527 716 omni
548 687 639 726 culpa
662 687 825 721 liberandi,
841 686 895 716 sed

232 729 321 768 plura
342 729 580 759 Lacedaemoniis
604 729 698 767 objici
722 734 850 769 possunt
865 728 896 758 in

231 772 470 802 administrando
487 772 628 811 imperio.
644 774 719 802 520.
745 771 896 801 Plataeen-

230 813 310 844 sium
322 815 503 854 superstites
513 814 640 844 civitate
651 815 810 844 donarunt.
820 816 895 846 526.

230 856 443 888 {Meseniorum
467 857 606 896 reliquiis
629 857 821 896 Naupactum
842 858 896 886 de-

230 901 344 930 derunt
370 901 549 929 habitatum.
574 900 650 930 ibid.
683 900 894 935 criminantur,

230 943 311 981 quod
328 943 455 972 Graeciae
467 943 610 972 civitates
626 941 812 980 sibi-servire
824 952 894 972 coe-

231 986 343 1024 gerint.
366 988 442 1016 5⁶28.
479 995 582 1015 eorum
598 986 728 1024 majores
742 995 893 1024 nunquam

229 1028 349 1058 civitati
362 1028 456 1058 alicui
472 1029 621 1067 imperare
634 1028 805 1058 voluerunt.
817 1028 894 1060 ibid.

231 1076 303 1109 post
317 1071 450 1101 Cononis
468 1070 627 1100 victoriam
644 1070 894 1100 Lacedaemonio·

230 1124 296 1143 rum
335 1114 479 1152 exemplo
517 1113 647 1148 seducti,
684 1114 714 1143 in
748 1114 894 1152 quasdam

229 1157 360 1186 Graeciae
376 1156 518 1186 civitates
531 1156 732 1195 deliquerunt.
749 1155 825 1185 ibid.
842 1166 893 1185 eo-

231 1209 296 1228 rnm
313 1209 386 1238 ager
409 1199 538 1229 subinde
559 1204 704 1228 vastatus.
721 1200 795 1228 529.
818 1198 895 1228 Per-

228 1252 327 1271 sarum
340 1240 501 1271 amicitiam
513 1246 543 1270 et
554 1242 729 1270 societatem
742 1250 893 1278 nunquam

229 1284 393 1323 petierunt.
420 1284 496 1313 ibid.
531 1282 766 1313 Atheniensium
781 1283 892 1312 civitas

229 1327 358 1356 Graeciae
387 1331 418 1356 et
447 1326 586 1365 Philippi
620 1327 713 1355 rebus
743 1325 893 1364 imprimis

229 1370 398 1400 commoda.
421 1371 497 1399 755.
535 1379 644 1407 magna
674 1369 812 1407 potentia
839 1378 893 1397 sua

227 1413 361 1452 singulas
383 1413 474 1442 urbes
497 1417 528 1441 et
550 1412 725 1442 universam
743 1411 891 1440 Graeciam

227 1456 340 1494 saepius
351 1455 498 1485 servavit.
510 1455 587 1484 ibid.
610 1453 816 1483 Athenienses
830 1453 893 1492 pri·

227 1499 320 1528 mitus
343 1509 360 1528 a
381 1498 442 1528 diis
470 1497 541 1526 orti.
565 1499 640 1528 534.
673 1496 762 1535 primi
788 1498 891 1526 urbem

227 1541 442 1571 condiderunt.
466 1541 541 1570 ibid.
571 1550 676 1570 eorum
696 1544 810 1569 mutata
833 1539 892 1569 rei-

228 1584 360 1623 publicae
388 1584 484 1613 forma
499 1583 659 1622 originem
684 1582 775 1612 debet
798 1582 891 1611 maris

227 1628 371 1666 imperio,
393 1626 474 1665 quod
495 1631 631 1666 tempore
652 1630 772 1664 patrum
789 1626 828 1654 ob
846 1625 889 1654 ni-

227 1670 318 1700 miam
343 1669 645 1700 Lacedaemoniorum
669 1668 835 1707 potentiam
850 1668 891 1697 iis

227 1713 431 1742 necessarium
456 1718 530 1741 erat.
553 1715 627 1743 53⁴2.
655 1713 786 1750 majores
809 1711 889 1740 omni

228 1756 352 1786 virtutis
382 1765 491 1794 genere
522 1755 667 1794 insignes.
690 1755 765 1785 534.
800 1754 891 1792 primi

227 1799 350 1836 legibus
391 1799 438 1827 usi
476 1804 557 1827 suut.
593 1798 668 1827 ibid.
708 1796 891 1837 αὐτόχθονες.

228 1842 307 1871 ibid.
330 1841 423 1880 regiae
446 1841 567 1870 familiae
585 1846 713 1880 quatuor
735 1847 787 1875 aut
801 1841 890 1879 quiu-

228 1896 287 1924 que
310 1889 418 1914 aetates
442 1889 684 1924 permanserunt.
710 1885 785 1914 535.
814 1890 890 1912 tem·

227 1937 302 1968 pore
325 1927 437 1956 Thesei
467 1927 656 1956 democratia
679 1926 890 1956 aristocratica

229 1971 276 2000 usi
297 1975 377 2000 sunt.
401 1972 476 2001 536.
501 1970 635 2000 civitatis
660 1970 739 1998 bona
763 1969 891 1998 admini-

231 2014 338 2043 stratio
363 2013 472 2051 primis
497 2014 684 2052 temporibus
701 2013 826 2050 regibus
841 2012 891 2041 tri-

229 2057 357 2086 buenda.
375 2058 449 2087 5:38.
472 2057 602 2094 majores
617 2055 797 2095 reipublicae
813 2065 891 2094 prae-

229 2100 367 2129 fecerunt
382 2100 517 2137 optimos
536 2099 627 2128 viros.
651 2100 728 2129 539.
758 2098 892 2137 optimos

227 2142 311 2172 domi
325 2142 530 2177 consiliarios,
554 2142 650 2171 duces
672 2151 794 2180 quoque
820 2140 891 2170 belli

229 2186 398 2224 elegerunt.
414 2184 489 2214 ibid.
512 2185 598 2223 leges
618 2185 752 2214 tulerunt
767 2194 892 2222 paucas,

229 2229 282 2258 sed
299 2234 516 2258 consentaneas
528 2228 598 2257 sibi.
620 2227 697 2257 ibid.
727 2226 892 2256 Athenien-

229 2282 278 2300 ses
295 2273 374 2301 bona
389 2271 567 2309 reipublicae
588 2271 683 2300 forma
708 2270 787 2299 ultra
809 2270 893 2299 mille

228 2325 323 2344 anuos
347 2324 443 2353 usque
465 2314 504 2343 ad
519 2314 660 2344 Solonem
689 2318 720 2343 et
746 2312 892 2342 Pisistra-

229 2363 289 2386 tum
308 2357 355 2387 usi
370 2361 451 2387 sunt.
466 2359 540 2388 540.
561 2356 696 2386 maxima
713 2357 743 2385 in
767 2357 892 2385 Graecos

229 2400 374 2430 beneficia
388 2400 581 2430 contulerunt
595 2399 780 2439 eosdemque
794 2398 892 2428 maxi-

227 2443 284 2472 mis
308 2443 394 2472 malis
417 2449 487 2482 post
512 2443 633 2472 Xerxis
661 2441 892 2480 expeditionem

226 2486 404 2515 affecerunt.
425 2488 500 2517 543.
532 2485 763 2515 Atheniensium
782 2489 813 2514 et
834 2484 894 2514 La-

228 2529 482 2559 cedaemoniorum
518 2528 755 2568 ignominiosum
794 2528 893 2557 foedus

227 2582 295 2602 uum
334 2571 497 2601 Persarum
549 2582 621 2609 rege
658 2571 776 2601 initum.
813 2570 889 2599 ibid.

225 2614 430 2645 Athenienses
445 2620 475 2644 et
491 2614 713 2644 Lacedaemouii
730 2624 784 2653 per
798 2624 890 2642 aemu-

226 2658 371 2688 lationem
392 2668 451 2687 uon
468 2657 554 2696 prius
568 2657 752 2686 destiterunt
770 2657 891 2695 seipsos

226 2701 364 2739 aliosque
380 2701 506 2730 Graecos
524 2701 664 2738 perdere,
693 2709 782 2737 quam
808 2709 890 2728 com-

229 2754 348 2773 munem
367 2743 497 2773 Graeciae
518 2743 634 2771 hostem
655 2743 801 2772 arbitrum
824 2744 891 2779 ejus

229 2787 376 2816 fecerunt.
400 2786 476 2816 ibid.
505 2785 737 2815 Atheniensium
754 2791 891 2823 tempore

230 2829 446 2859 Panathenaici
473 2828 503 2858 iu
532 2827 780 2858 Lacedaemonios
804 2828 892 2858 ratio.

227 2875 301 2903 544.
339 2874 470 2910 majores
496 2877 564 2900 ante
595 2870 754 2901 Persicum
782 2871 891 2900 bellum

228 2915 444 2954 sapientiores,
460 2924 548 2953 quam
575 2914 714 2952 qui,post
735 2913 810 2942 illud
830 2914 892 2943 bel-

229 2959 291 2987 lum
309 2958 484 2996 reipublica—
501 2956 697 2997 praesuerunt.
720 2956 793 2985 ibid.
811 2957 890 2993 quod

228 3001 279 3045 illi
310 3001 420 3031 bellum
452 3001 611 3030 habuerint
642 3001 770 3038 justum.
818 2999 891 3027 ibid.

609 187 808 229 INDEX
843 186 1206 229 HISTORICUS

975 310 1079 330 omnes
1096 301 1219 329 Graecas
1235 298 1378 329 civitates
1394 309 1410 328 a
1426 300 1513 329 malis
1527 299 1638 329 ubera-

974 348 1051 372 runt.
1075 344 1149 372 545.
1174 343 1317 371 Barbaris
1335 352 1375 371 ex
1389 341 1496 371 insulis
1511 346 1542 371 et
1557 347 1638 372 utra-

975 396 1033 423 que
1050 385 1224 414 continente
1239 385 1344 423 ejectis
1357 383 1535 414 Graecorum
1546 394 1639 422 egen-

975 428 1112 457 tissimos
1143 427 1186 456 ibi
1217 427 1416 456 collocarunt.
1446 426 1522 456 ibid.
1557 426 1638 455 bello

974 471 1118 500 clariores
1143 480 1232 509 qnam
1250 469 1488 500 Lacedaemouii.
1508 470 1584 499 547.
1607 469 1638 498 in

973 513 1113 542 omnibus
1138 513 1234 542 tribus
1271 512 1359 542 bellis
1395 521 1464 541 cum
1490 510 1639 540 Barbaris

977 556 1073 594 gestis
1089 555 1201 593 primas
1217 555 1445 585 tulerunt.551.
1469 554 1582 583 nullius
1593 553 1640 582 rei

975 598 1032 627 nisi
1049 598 1147 627 laudis
1162 599 1242 637 apud
1260 599 1386 627 Graecos
1402 596 1495 626 avari.
1508 597 1582 627 550.
1599 596 1639 625 ob

974 651 1154 680 prosperum
1169 651 1269 669 rerum
1283 645 1424 668 eventum
1438 649 1497 668 non
1513 638 1638 677 superbi

977 690 1082 713 vetera
1118 683 1258 713 instituta
1285 683 1322 711 ob
1356 683 1464 711 bonam
1491 680 1636 719 reipubli-

975 736 1019 756 cae
1035 726 1327 755 administrationem
1348 725 1548 754 retinuerunt.
1564 725 1639 754 552.

974 769 1177 798 Athenienses
1193 768 1393 798 novissimum
1410 766 1526 796 bellum
1542 767 1636 807 (tem-

975 822 1048 850 pore
1075 810 1224 849 Plataici)
1262 811 1301 839 ob
1335 820 1388 839 eos
1423 813 1638 848 ausceperunt‚

975 854 1025 893 qui
1056 858 1163 883 contra
1201 854 1316 883 foedera
1354 852 1495 882 libertate
1524 851 1639 890 privati

974 901 1070 926 erant.
1093 898 1167 926 588.
1205 901 1277 935 post
1305 895 1440 924 Cononis
1478 894 1636 923 victoriam

974 938 1214 969 Lacedaemoniis
1229 937 1390 977 imperium
1405 937 1550 976 eripiunt.
1564 938 1639 967 592.

972 983 1136 1012 Thebanos
1151 986 1316 1020 coegerunt
1332 981 1484 1010 cadavera
1498 979 1638 1009 reddere.

973 1027 1047 1055 595.
1069 1024 1276 1054 Athenienses
1297 1023 1411 1062 saepius
1431 1022 1573 1062 poenituit
1589 1023 1639 1060 ju-

972 1067 1123 1098 diciorum
1145 1077 1201 1106 per
1223 1066 1411 1096 iracundiam
1429 1065 1532 1105 potius
1549 1075 1638 1104 quam

972 1121 1005 1140 re
1027 1120 1180 1149 perpensa
1203 1110 1346 1139 latorum.
1373 1110 1448 1138 607.
1473 1108 1637 1138 Athenien-

973 1152 1050 1183 sium
1062 1152 1184 1191 judices
1207 1150 1368 1191 quotannis
1389 1153 1504 1190 jurant,
1520 1161 1552 1180 se
1565 1161 1636 1181 reos

972 1202 1003 1225 et
1018 1200 1214 1224 accusatores
1228 1195 1296 1233 pari
1310 1194 1454 1232 aequitate
1466 1193 1636 1224 audituros.

971 1237 1048 1267 ibid.
1072 1237 1302 1266 Atheniensium
1319 1246 1393 1273 opes
1405 1236 1504 1276 (circa
1516 1236 1637 1266 initium

974 1278 1174 1319 Panegyrici)
1191 1284 1308 1308 tenues.
1331 1279 1404 1308 615.
1421 1288 1487 1316 seq.
1501 1278 1637 1307 civitatis

972 1327 1069 1362 status
1090 1332 1146 1361 per
1173 1321 1343 1351 Alcibiadis
1362 1321 1537 1350 absentiam.
1563 1322 1638 1352 676.

973 1376 1037 1404 seq.
1055 1364 1094 1394 de
1110 1364 1210 1394 reditu
1231 1364 1261 1393 in
1286 1364 1413 1403 gratiam
1433 1364 1550 1402 optime
1565 1374 1638 1393 con-

971 1409 1172 1438 sulunt.713.
1196 1407 1409 1446 expertisunt,
1425 1411 1567 1444 quantum
1582 1407 1636 1436 bo-

971 1462 1039 1481 num
1058 1450 1099 1479 sit
1114 1449 1287 1485 concordia,
1307 1448 1476 1483 discordia,
1492 1453 1635 1488 quantum

970 1494 1093 1524 malum.
1109 1495 1184 1523 663.
1207 1492 1437 1522 Atheniensium
1450 1492 1639 1522 democratia

971 1538 1017 1566 bis
1034 1537 1142 1566 soluta.
1166 1537 1242 1566 739.

924 1580 1154 1614 Athenodorus,
1167 1579 1286 1608 urbium
1303 1578 1455 1608 conditor.
1468 1579 1545 1608 409.

925 1625 1045 1653 Aurora
1060 1621 1176 1663 (Ἠὼς),
1192 1622 1366 1650 Memnonis
1383 1626 1488 1650 mater.
1505 1623 1581 1651 477.

925 1668 1120 1699 Autocrator,
1142 1664 1291 1694 Isocratis
1314 1664 1486 1703 discipulus
1501 1669 1533 1693 et
1548 1663 1634 1693 fami-

968 1709 1063 1738 liaris.
1079 1710 1153 1737 771.

1260 1809 1300 1839 Β.

925 1876 1054 1907 Barbari
1073 1874 1229 1916 (Persae),
1244 1880 1315 1915 post
1330 1879 1488 1914 acceptam
1504 1873 1634 1904 Atheni-

967 1919 1084 1949 ensium
1102 1920 1131 1948 in
1152 1919 1359 1957 Hellesponto
1384 1918 1502 1947 cladem
1522 1917 1633 1956 ubique

970 1963 1114 1993 victores.
1129 1964 1203 1992 217.
1248 1961 1379 1991 Barbari
1395 1961 1531 1990 nonnulli
1548 1962 1634 1989 Grae-

968 2006 1023 2034 ciae
1050 2005 1194 2043 imperari
1209 2004 1308 2033 conati
1334 2010 1416 2039 sunt,
1443 2004 1635 2042 auteTroja-

969 2059 1039 2077 num
1058 2049 1180 2077 bellum.
1199 2050 1272 2082 284,
1289 2049 1363 2077 480.
1562 2068 1566 2070 -

924 2091 1072 2121 Brasidas
1094 2091 1342 2120 Lacedaemonius
1371 2088 1566 2129 Amphipolin
1598 2088 1636 2118 ab

969 2133 1127 2164 obsidione
1146 2133 1299 2163 liberavit.
1317 2135 1391 2163 308.

926 2177 1048 2208 Busiris
1079 2177 1110 2206 iu
1140 2177 1278 2214 AEgypto
1304 2185 1430 2215 reguum
1462 2173 1632 2205 coustituit.

971 2223 1044 2251 486.
1070 2222 1134 2258 ejus
1156 2219 1240 2256 regni
1258 2217 1490 2248 administrandi
1507 2217 1581 2248 ratio
1605 2222 1636 2246 et

970 2262 1160 2293 constitutio.
1185 2264 1259 2293 487.
1284 2263 1350 2300 ejus
1377 2260 1509 2299 subjecti
1534 2260 1563 2290 in
1585 2270 1635 2289 eu-

970 2307 1038 2336 dem
1068 2310 1131 2335 arte
1160 2314 1338 2344 permanere
1365 2308 1525 2342 coguntur.
1555 2303 1641 2333 ibid.

970 2348 1092 2379 Busiris
1107 2348 1192 2378 cives
1207 2357 1280 2377 suos
1303 2347 1332 2377 in
1360 2346 1548 2381 sacerdotes,
1558 2345 1638 2375 mili-

972 2398 1030 2427 tes,
1046 2391 1180 2421 artifices
1196 2390 1315 2420 divisit.
1332 2389 1409 2419 ibid.
1434 2398 1538 2428 causa,
1560 2389 1636 2419 cur?

970 2435 1046 2465 ibid.
1077 2433 1216 2472 Neptuni
1246 2432 1337 2464 filius.
1367 2435 1442 2463 491.
1479 2441 1636 2471 perperam

970 2477 1084 2508 dicitur
1107 2479 1144 2506 ab
1169 2476 1306 2506 Hercule
1333 2475 1466 2505 occisus.
1483 2475 1637 2506 49⁶2.du-

969 2520 1068 2551 centis
1082 2519 1168 2550 aunis
1185 2519 1354 2549 Herculem
1369 2517 1508 2548 anteivit.
1523 2517 1600 2548 ibid.

1270 2630 1306 2659 C.

925 2698 1071 2732 Cadmus,
1093 2697 1249 2730 Sidonius,
1271 2696 1442 2726 Thebarum
1467 2705 1534 2725 rex.
1560 2695 1636 2725 480.

970 2741 1059 2770 idem.
1077 2742 1151 2770 5²23.

927 2783 1132 2813 Callimachus
1145 2782 1186 2816 ei,
1202 2781 1251 2811 cui
1268 2781 1412 2812 tribuitur
1426 2781 1525 2809 irratio
1541 2779 1635 2809 Para-

972 2826 1130 2865 graphica,
1150 2826 1234 2854 litem
1250 2825 1356 2854 decem
1372 2824 1456 2853 mille
1475 2823 1633 2852 draaehma-

971 2880 1035 2898 rum
1054 2868 1194 2897 intendit.
1208 2870 1282 2897 709.
1307 2878 1366 2905 quo
1384 2871 1518 2904 tempore
1535 2864 1632 2895 oratio

970 2912 1118 2941 adversus
1133 2910 1353 2940 Callimachum
1377 2909 1490 2946 scripta
1513 2909 1565 2943 sit,
1578 2918 1630 2937 seu

972 2954 1087 2993 scripta
1103 2965 1171 2984 esse
1185 2951 1409 2990 tingatur,disci
1427 2953 1564 2991 potest.7
1574 2952 1624 2981 13.

971 2999 1035 3036 rjus
1051 3007 1164 3027 mores.
1177 2997 1252 3026 716.
1264 3005 1328 3033 seq.
