1924 3314
299 590 1004 646 HIERONYMUS
1071 591 1538 644 WOLFIUS

890 720 946 746 DE

556 807 750 852 VITA
813 807 1269 854 ISOCRATIS

890 933 942 958 ET

385 1020 809 1059 ORATIONUM
859 1021 1018 1060 EJUS
1070 1022 1439 1060 DIVISIONE

842 1135 986 1163 ATQUE

481 1216 1152 1263 INTERPRETATIONE
1198 1223 1338 1265 SUA.

846 1355 972 1362 —-

234 1440 490 1478 ISOCRATES
514 1439 645 1477 rhetor
663 1446 702 1476 et
722 1438 980 1489 philosophus
994 1438 1258 1484 Atheniensis,
1275 1437 1444 1476 honestis
1467 1440 1638 1487 parenti-

181 1500 253 1537 bus
273 1506 399 1546 natus,
425 1500 536 1538 annis
549 1500 690 1538 abhinc
707 1500 862 1538 circiter
875 1500 933 1537 bis
954 1500 1076 1538 mille:
1107 1506 1224 1551 atque
1242 1500 1292 1538 ab
1313 1500 1469 1550 optimis
1485 1512 1633 1549 praece-

178 1563 369 1611 ptoribus,
380 1576 424 1601 ea
438 1568 553 1601 aetate
563 1575 640 1613 qua
653 1568 692 1600 et
704 1562 951 1613 philosophia
964 1568 1003 1599 et
1015 1562 1233 1611 eloquentia
1242 1561 1464 1608 floruerunt,
1475 1562 1637 1611 Gorgia,

179 1623 361 1671 Prodico,
392 1625 643 1670 Theramene,
666 1624 774 1662 Tisia
805 1625 1019 1670 institutus,
1039 1624 1133 1662 vixit
1153 1637 1273 1663 annos
1306 1637 1430 1675 prope
1451 1630 1632 1661 centum:

178 1689 219 1722 et
236 1685 484 1723 nobilissimis
504 1686 817 1724 adolescentibus
835 1686 1069 1733 erudiendis,
1084 1692 1122 1724 et
1138 1687 1370 1737 gravissimis
1390 1686 1630 1724 orationibus

177 1745 405 1791 scribendis,
440 1760 532 1797 opes
552 1753 590 1784 et
610 1748 766 1796 gloriam
789 1747 888 1785 intra
910 1747 1147 1785 domesticos
1179 1749 1344 1798 parietes
1364 1755 1422 1786 est
1442 1762 1632 1786 consecu-

177 1812 265 1844 tus:
297 1821 413 1858 quam
444 1814 553 1846 tanto
585 1809 767 1858 temporis
804 1809 928 1858 spatio
962 1809 1089 1847 adhuc
1119 1809 1343 1848 inviolatam
1371 1811 1524 1848 retinet.
1582 1811 1629 1847 Id

176 1868 282 1918 quod
310 1869 421 1906 nobis
457 1875 723 1918 argumentum
769 1883 853 1907 esse
889 1869 1022 1916 debet,
1058 1870 1241 1908 bonitatis
1272 1871 1500 1921 scriptorum
1534 1871 1634 1920 ejus.

174 1929 274 1967 Nam
307 1930 540 1968 Aristoteles
569 1931 761 1982 (quisquis
794 1931 859 1968 ille
889 1931 976 1977 fuit,
1013 1931 1094 1968 sive
1123 1931 1326 1981 Stagirites
1355 1931 1630 1981 philosophus,

174 1989 252 2028 sive
283 1991 436 2028 Siculus
461 1991 621 2037 rhetor),
650 2004 770 2041 quum
797 2005 836 2028 se
863 1991 947 2040 ejus
975 1992 1157 2027 aemulum
1185 2004 1268 2028 esse
1287 1991 1526 2027 dissimulare
1554 2003 1629 2027 non

171 2051 358 2101 potuerit,
386 2051 555 2101 seipsum
583 2051 703 2100 magis
738 2051 960 2087 invidentiae
1001 2050 1162 2086 crimine
1192 2049 1480 2095 condemnavit,
1513 2063 1628 2099 quam

172 2112 383 2149 Isocratem
425 2111 682 2149 obtrectando
719 2111 843 2148 laesit:
885 2116 924 2148 et
955 2109 1148 2147 Aristides
1177 2109 1324 2154 rhetor,
1367 2110 1626 2148 Panathenai-

170 2185 258 2210 cum
286 2171 502 2218 aemulatus,
536 2178 671 2210 contra
700 2172 915 2209 orationem
948 2171 997 2208 de
1032 2172 1133 2208 Pace
1160 2183 1238 2208 non
1265 2176 1342 2208 tam
1374 2170 1551 2209 fortassis
1579 2185 1625 2209 ex

169 2234 298 2272 animo
315 2246 432 2283 quam
454 2233 675 2271 ostentandi
697 2233 842 2284 ingenii
870 2245 986 2271 causa
1003 2232 1172 2282 scripsit.
1228 2233 1314 2270 Jam
1342 2231 1522 2283 Dionysii
1543 2233 1625 2270 Ha-

169 2294 390 2334 licarnassei
409 2307 584 2332 censnrae
600 2294 793 2344 ejusmodi
810 2299 912 2340 sunt,
929 2300 973 2332 ut
994 2293 1158 2331 Isocrati
1179 2292 1275 2330 nihil
1289 2293 1522 2331 detrahant:
1555 2294 1622 2332 sed

155 2355 437 2394 *adolescentes
467 2364 663 2403 moneant,
700 2370 747 2394 ne
781 2362 924 2394 temere
958 2355 1126 2403 quidvis,
1147 2354 1274 2392 alieno
1295 2361 1334 2392 et
1354 2356 1442 2392 loco
1470 2362 1509 2393 et
1529 2361 1624 2393 tem-

169 2431 278 2469 pore,
297 2418 507 2457 imitentur.
566 2419 806 2462 Quintiliano
832 2426 961 2456 tamen
991 2418 1027 2453 in
1058 2416 1313 2454 declamando
1333 2416 1500 2467 stylique
1519 2430 1625 2455 exer-

169 2480 418 2518 citationibus
439 2481 558 2530 magis
584 2481 715 2530 placet
741 2481 899 2518 ubertas
931 2485 970 2517 et
989 2479 1103 2529 copia
1123 2485 1515 2526 ornamentorumque
1535 2491 1621 2516 ora-

168 2540 284 2578 tionis
304 2540 512 2586 affectatio,
534 2553 648 2590 quam
680 2541 835 2578 horrida
856 2547 893 2577 et
916 2539 1054 2589 jejuna
1081 2539 1263 2578 brevitas.
1321 2539 1514 2577 Praeterea
1542 2546 1619 2577 tam

167 2601 382 2640 honorifica
409 2602 457 2639 de
477 2608 634 2640 auctore
657 2608 802 2648 nostro,
826 2614 913 2640 cum
934 2601 1097 2638 aliorum
1124 2600 1397 2651 complurium,
1420 2607 1502 2639 tum
1532 2601 1620 2638 Pla-

167 2665 269 2702 tonis
289 2670 328 2701 et
348 2663 548 2702 Ciceronis
576 2664 797 2702 testimonia
825 2663 862 2700 in
879 2668 1063 2714 promptu
1084 2669 1184 2709 sunt,
1205 2668 1247 2700 ut
1267 2662 1511 2700 confidenter
1531 2675 1618 2711 pos-

166 2726 243 2763 sint
255 2724 434 2762 omnibus
447 2724 615 2762 omnium
636 2724 834 2762 calumniis
848 2729 886 2761 et
899 2723 1046 2774 opponi
1065 2722 1320 2761 etvanteserri.
1349 2723 1617 2761 Praestantiam

166 2787 251 2836 ejus
271 2785 363 2823 illud
384 2786 500 2824 etiam
530 2785 716 2832 declarat,
742 2785 859 2833 quod,
881 2790 922 2821 ut
947 2784 1051 2822 idem
1081 2784 1220 2822 Cicero
1240 2785 1306 2830 ait,
1333 2798 1381 2822 ex
1406 2785 1490 2834 ejus
1510 2783 1616 2826 tudo,

167 2854 346 2898 tanquam
376 2860 423 2884 ex
450 2859 554 2897 equo
584 2846 772 2895 Trojano,
795 2845 981 2884 innumeri
1012 2846 1203 2896 principes
1234 2846 1422 2891 exierunt,
1455 2855 1617 2893 quorum

168 2907 307 2959 partim
326 2908 364 2945 in
394 2920 552 2958 pompa,
572 2906 712 2957 partim
731 2907 767 2945 in
788 2907 870 2944 acie
899 2906 1067 2945 illustres
1088 2920 1170 2944 esse
1191 2907 1405 2944 voluerunt.
1466 2905 1514 2941 Et
1536 2905 1618 2954 ipse

168 2968 272 3019 apud
293 2969 461 3008 Graeciae
489 2969 686 3019 principes
706 2981 751 3006 ac
775 2981 895 3018 reges,
918 2970 1092 3017 quamvis
1114 2969 1165 3006 ob
1187 2968 1292 3005 vocis
1313 2964 1615 3004 imbecillitatem

882 3041 905 3066 n
