1914 3314
635 209 723 250 AD
757 209 1131 253 ISOCRATEM.

219 321 281 350 citu
299 321 408 352 ducem
431 321 476 351 illi
494 321 656 352 dederunt.
672 322 749 352 ibid.
771 322 887 353 viribus

220 363 383 394 Persarum
407 369 436 394 et
457 365 592 399 Cononis
611 365 722 405 peritia
741 365 798 405 (ad
815 366 887 395 Cni-

219 407 311 446 dum)
336 407 424 443 victi,
447 407 557 437 foedam
583 407 757 437 Antalcidae
780 419 888 447 pacem

219 450 368 479 fecerunt.
388 453 462 481 530.
486 450 523 479 iis
547 451 713 480 moderatio
732 456 762 479 et
781 452 886 480 obedi-

219 492 300 522 entia
319 493 348 521 in
366 493 604 522 administranda
623 493 782 532 republica
807 493 885 523 haud

218 535 433 574 abjudicanda.
452 538 528 566 531.
550 535 661 575 peritia
683 536 804 565 militari
829 547 886 566 non

218 579 306 616 prius
322 578 368 607 usi
384 584 464 614 sunt,
476 588 565 616 quam
583 578 798 608 Athenienses.
810 581 886 611 54⁶2.

219 629 323 650 eorum
337 620 447 650 civitas
460 622 589 650 maxima
602 622 749 650 beneficia
759 621 788 650 in
800 623 886 651 Grae-

219 673 273 694 cos
297 664 436 699 contulit,
459 664 646 702 eosdemque
670 669 742 702 post
766 664 885 693 Xerxis

219 707 449 745 expeditionem
463 707 550 736 malis
565 707 679 736 affecit·
690 708 763 737 543.
781 717 884 737 eorum

218 749 256 778 ad
269 748 476 780 Athenienses
492 750 568 779 ratio
583 755 720 788 tempore
734 750 884 780 Panathe-

218 791 308 821 naici.
330 792 406 821 ibid.
430 797 580 832 occupata
602 793 818 831 Peloponneso
842 794 885 822 fa—

216 834 428 874 ctionibusque
455 835 528 865 ortis
554 835 674 875 plebem
700 836 728 864 in
753 835 886 865 servitu-

219 883 278 906 tem
296 878 449 908 redactam
464 878 545 908 circa
563 888 595 907 se
611 877 642 906 in
658 877 769 907 vicinia
789 879 885 908 collo-

218 926 336 956 carunt,
351 921 506 959 vitemque
518 921 556 950 iis
573 926 603 951 et
618 922 763 960 exiguum
780 932 883 960 agrum

216 963 378 993 dederunt.
404 965 478 993 548.
502 974 608 993 eorum
637 964 754 1004 Ephori
777 975 884 994 servos

217 1015 275 1046 pro
290 1006 390 1036 lubitu
407 1007 569 1036 trucidant.
587 1008 662 1037 549.
687 1017 792 1036 eorum
813 1018 884 1048 pro-

217 1059 304 1078 ceres
332 1055 468 1088 tempore
493 1050 703 1088 occupationis
729 1050 884 1088 Pelopon-

218 1092 286 1120 nesi
307 1091 337 1121 in
362 1093 483 1130 plebem
507 1092 614 1129 iniqui.
637 1091 712 1121 ibid.
734 1093 766 1121 in
785 1094 884 1122 Ther-

217 1135 352 1173 mopylis
365 1144 488 1172 semper
501 1134 629 1164 laudati.
642 1135 716 1165 550.
740 1135 816 1163 nihil
830 1145 883 1163 un-

216 1186 305 1214 quam
323 1186 404 1206 curae
420 1177 487 1212 fuit,
502 1187 591 1216 quam
609 1187 658 1205 res
679 1176 792 1205 alienas
811 1187 884 1215 pos-

215 1219 330 1250 sidere.
344 1220 421 1249 ibid.
438 1224 576 1259 tempore
589 1219 807 1249 Panathenaici
825 1230 883 1249 non

216 1263 296 1292 ultra
306 1263 515 1301 septingentos
524 1272 618 1292 annos
630 1263 659 1290 in
667 1262 884 1300 Peloponneso

166 1338 173 1340 .
191 1329 195 1334 .
218 1305 405 1335 babitabant.
421 1307 496 1335 554.
519 1314 537 1334 a
556 1304 696 1334 doctrina
711 1304 781 1343 plus
798 1315 885 1343 quam

216 1348 346 1378 Barbari
355 1348 475 1377 remoti.
489 1348 563 1378 555.
591 1358 628 1377 ne
643 1347 748 1376 literas
761 1349 886 1385 quidem

216 1391 350 1420 discunt.
369 1391 446 1420 ibid.
469 1390 584 1420 liberos
606 1401 679 1420 suos
702 1390 789 1420 malis
813 1391 886 1420 arti-

219 1434 274 1463 bus
286 1433 529 1465 ἱππαπαῖ-556.
542 1433 680 1472 quotidie
691 1444 744 1463 eos
755 1434 784 1462 in
795 1443 885 1469 agros

215 1477 340 1506 mittunt
359 1477 398 1506 ad
415 1477 585 1506 furandum.
602 1476 678 1506 ibid.
701 1476 885 1517 deprehensi

219 1521 429 1555 verberantur,
459 1519 557 1550 cautis
593 1519 752 1558 praemium
785 1520 884 1550 datur.

215 1563 293 1592 ibid.
309 1573 413 1592 eorum
430 1562 502 1592 belli
517 1562 701 1592 exercitatio
717 1567 747 1591 et
763 1562 885 1601 peritia.

217 1607 293 1637 557.
308 1606 472 1635 concordia
486 1615 591 1635 eorum
608 1605 677 1635 aliis
694 1615 816 1644 semper
832 1616 886 1635 no-

217 1649 270 1678 xia
293 1649 360 1678 fuit.
383 1650 456 1680 560.
487 1648 606 1687 origine
634 1650 747 1682 Dores,
773 1650 886 1687 Argos,

189 1695 196 1698 ⁴
213 1692 381 1722 Messenen
389 1691 886 1722 etLacedaemonainvadunt.568.

217 1745 310 1774 quum
327 1735 570 1775 Peloponnesum
585 1736 813 1773 expugnabant,
825 1745 884 1764 non

217 1778 323 1817 plures
341 1788 466 1808 numero
482 1778 615 1811 fuerunt,
630 1787 718 1816 quam
737 1778 798 1807 duo
816 1778 885 1807 mil-

217 1821 270 1851 tia.
287 1822 362 1852 569.
387 1830 492 1850 omnes
510 1820 569 1850 sibi
586 1820 791 1860 Peloponnesi
807 1821 885 1850 civi-

216 1868 294 1894 tates
310 1869 421 1903 praeter
429 1863 533 1903 Argos
544 1864 750 1903 subjecerunt,
763 1868 794 1893 et
811 1874 884 1893 nun-

216 1917 306 1946 qnam
328 1907 402 1936 victi
423 1907 500 1936 duce
520 1917 605 1946 rege.
625 1906 703 1936 ibid.
726 1907 756 1936 in
779 1917 884 1936 eorum

217 1950 342 1980 civitate
364 1959 514 1989 nunquam
537 1951 650 1985 caedes,
669 1950 796 1990 rapinae,
821 1955 884 1980 stu-

218 2003 272 2032 pra
294 2003 423 2023 uxorum
447 1997 505 2022 etc·
526 1993 617 2023 facta.
633 1994 708 2023 570.
732 2004 837 2032 regum
854 1993 884 2023 in

218 2036 299 2066 bello
315 2036 424 2066 virtus.
435 2037 512 2067 ¹776.
533 2036 669 2066 civitatis
686 2036 832 2066 fortitudo
849 2046 884 2066 ac

216 2079 428 2118 temperantia,
445 2084 476 2109 et
490 2079 668 2118 reipublicae
685 2084 793 2109 status.
807 2080 883 2109 ibid.

216 2133 271 2153 eos
293 2122 379 2152 multi
403 2122 502 2152 secuti
522 2129 593 2152 sunt
613 2122 809 2162 corporibus,
830 2124 884 2153 sed

217 2165 326 2195 animis
353 2165 456 2195 alieni.
480 2167 555 2196 587.
587 2166 817 2205 prohibuerunt,
848 2176 884 2195 ne

215 2208 349 2239 Athenae
369 2213 589 2238 everterentur·
613 2210 688 2240 591.
717 2209 884 2248 potentiam

216 2250 452 2282 Atheniensium
478 2252 526 2292 (in
554 2251 780 2292 Hellesponto)
805 2252 885 2281 sran-

217 2299 304 2334 gunt.
334 2295 474 2325 swain
509 2294 721 2324 Thebanorum
757 2295 885 2334 gratiam

216 2336 424 2368 Athenienses
455 2337 666 2376 perdiderunt.
696 2340 772 2369 597.
810 2343 885 2367 tem-

215 2390 292 2420 pore
303 2379 485 2419 Panegyrici
500 2380 661 2419 imperium
673 2381 801 2411 Graeciae
815 2391 886 2419 pos-

216 2423 369 2454 sidebant.
386 2425 461 2455 615.
477 2423 507 2452 in
524 2423 605 2453 bello
621 2423 886 2463 Peloponnesiaco

217 2467 256 2496 ab
284 2465 448 2496 Alcibiade
477 2465 552 2496 belli
582 2467 708 2505 gerendi
739 2468 886 2497 rationem

217 2509 353 2539 discunt.
370 2511 444 2540 676.
469 2509 497 2538 in
518 2509 626 2539 eodem
649 2510 730 2540 bello
747 2511 887 2550 superio-

217 2562 267 2583 res
283 2551 458 2582 Alcibiadis
473 2562 578 2593 opera.
591 2555 665 2584 677.

176 2595 362 2627 Laomedon.
378 2597 454 2626 444.

172 2638 322 2678 Lapithae.
338 2639 414 2669 471.

172 2681 260 2713 Leda
272 2682 330 2711 snb
346 2681 450 2720 specie
466 2681 561 2712 oloris
572 2691 590 2711 a
600 2681 680 2712 Jove
694 2685 802 2712 amata.
812 2684 887 2714 478.

173 2724 322 2756 Leucani.
339 2727 414 2755 415.

175 2768 334 2798 Locbites.
352 2769 427 2798 738.

174 2812 337 2851 Lycurgus
350 2811 488 2840 imitatus
512 2815 557 2840 est
579 2814 694 2840 tantum
719 2810 887 2841 Athenien-

219 2853 297 2884 sium
321 2854 432 2892 priscae
460 2852 731 2884 administrationis
753 2855 890 2890 sormam,

1554 210 1637 251 877

965 329 1056 354 taret.
1071 326 1147 355 719.
1299 350 1302 352 ,

922 366 1074 406 Lysandri
1089 367 1258 406 catalogus.
1275 369 1350 397 710.
1364 368 1441 398 ¹743.

923 409 1138 448 Lysimachus,
1150 410 1297 439 Isocratis
1315 410 1343 439 in
1361 410 1498 440 oratione
1514 409 1554 439 de
1570 409 1635 439 An-

966 453 1061 482 tidosi
1076 452 1281 482 adversarius.
1295 454 1369 483 605.
1384 455 1461 482 707.

1242 529 1288 558 Μ.

922 579 1095 618 Magnetes.
1114 581 1188 611 258.

921 622 1020 651 Medi.
1037 625 1111 652 450.

921 664 1076 694 Medocus
1104 665 1115 694 ὁ
1145 664 1280 700 venetie,
1306 675 1397 704 quem
1428 664 1632 695 Athenienses

964 708 1077 737 colunt.
1097 710 1169 738 ⁶254.

920 751 1161 790 Megalopolitae.
1180 753 1253 781 271.

920 793 1634 833 Megarensespacesempiternasruuntur.431.

964 836 1113 866 maximas
1137 837 1312 866 Graecorum
1334 836 1442 866 domos
1459 837 1633 875 possident,

963 879 1053 909 unde.
1078 879 1153 908 ibid.
1176 880 1238 909 illis
1262 880 1399 909 Thebani
1424 880 1527 909 minati
1553 884 1634 909 sunt.

963 923 1038 952 266.
1110 924 1113 927 ⁴

920 964 1019 994 Meni.
1030 967 1106 997 5⁶25.
1123 965 1244 994 illorum
1262 965 1393 994 adversa
1408 965 1541 995 fortuna.
1556 966 1632 996 519.

919 1007 1082 1037 Meliorum
1100 1007 1338 1047 ἇνδξαποδισμός.
1355 1009 1430 1038 208.

919 1051 1066 1080 Melissus
1087 1051 1219 1089 probare
1242 1051 1372 1087 studuit,
1389 1051 1565 1080 universum
1586 1055 1634 1080 est

962 1103 1064 1123 unum.
1080 1095 1156 1123 465.

918 1135 1080 1164 Menelaus
1100 1134 1448 1171 immortalisxedditus.
1465 1136 1539 1165 479.
1556 1136 1631 1166 521.

918 1177 1123 1207 Menexenus.
1141 1179 1215 1208 690.
1233 1179 1307 1208 693.

918 1221 1077 1250 Messenii.
1098 1223 1172 1251 271.
1222 1221 1444 1260 Cresphontem
1467 1220 1634 1250 interfece-

961 1268 1043 1293 runt.
1066 1265 1141 1293 300.
1174 1263 1287 1302 viginti
1315 1273 1409 1292 annos
1440 1263 1630 1293 obsidionem

963 1306 1268 1336 Lacedaemoniorum
1301 1307 1520 1336 sustinuerunt.
1554 1308 1629 1337 309.

963 1349 1067 1379 iidem.
1085 1351 1159 1385 514,
1175 1352 1250 1380 526.

920 1391 1063 1422 iil-iuerva
1091 1393 1130 1421 de
1156 1391 1362 1431 pulcritudine
1390 1396 1522 1422 certans.
1553 1394 1630 1429 474,

962 1439 1067 1474 autep.

919 1478 1035 1513 Minos,
1047 1478 1217 1508 Cretensis.
1231 1478 1306 1508 554.
1331 1478 1388 1507 sub
1400 1477 1485 1507 illius
1501 1477 1630 1517 imperio

961 1521 1066 1551 muttae
1083 1523 1180 1551 turbae
1197 1522 1236 1551 de
1253 1521 1441 1560 Cycladibus
1457 1525 1531 1550 ortae
1549 1525 1629 1551 sunt.

962 1565 1036 1594 514.

919 1607 1105 1637 Mutilenaei.
1118 1609 1194 1638 590.

1256 1675 1298 1705 Ν.

919 1727 1048 1757 Neleus.
1064 1729 1140 1758 299.

919 1770 1065 1800 Nemesis
1080 1781 1095 1800 a
1112 1772 1191 1801 Jove
1208 1774 1316 1805 amata,
1329 1769 1386 1799 sub
1401 1769 1495 1800 oloris
1512 1769 1628 1808 specie.

918 1856 1094 1895 Neptunus,
1109 1855 1206 1894 Cycni
1220 1859 1316 1895 pater.
1332 1857 1408 1887 477.

918 1899 1044 1929 Nestoi.
1061 1901 1136 1930 300.
1150 1901 1225 1929 5⁶21.
1244 1900 1318 1929 526.

920 1943 1025 1972 Nicias
1051 1943 1226 1972 defenditur
1258 1946 1362 1971 contra
1392 1940 1566 1979 Euthynum
1596 1941 1627 1971 in

961 1985 1101 2015 oratione
1121 1985 1238 2014 ultima.
1253 1987 1328 2016 742.
1354 1984 1449 2014 ditior
1471 1985 1627 2024 Euthyno,

961 2039 997 2058 ac
1013 2029 1136 2058 dicendi
1154 2027 1294 2068 peritior.
1309 2029 1385 2058 743.

920 2071 1077 2107 Nicocles,
1096 2071 1241 2111 Cyprius.
1261 2072 1335 2101 618.
1360 2071 1510 2110 Evagorae
1535 2069 1628 2106 filius,

962 2115 1089 2153 regibus
1103 2115 1289 2153 exemplum.
1306 2116 1381 2144 460.

918 2158 1124 2188 Nicomachus
1141 2156 1280 2188 Βατῆθεν.
1295 2159 1372 2188 709.

1252 2235 1292 2264 Ο.

920 2295 1027 2335 OEdipi
1046 2294 1126 2325 filius
1143 2293 1359 2335 (Polynices).
1378 2295 1452 2326 546.

920 2338 1059 2378 Olympii
1076 2344 1224 2368 vocantur
1251 2337 1294 2367 dii
1321 2339 1444 2368 datores
1469 2337 1627 2366 bonorum.

963 2384 1037 2413 2²83.
1061 2381 1142 2411 omni
1166 2381 1256 2411 modo
1279 2382 1318 2411 ab
1339 2379 1512 2410 bominibus
1534 2379 1628 2409 hono-

963 2429 1077 2455 rantur.
1093 2424 1170 2454 ibid.

921 2467 1134 2498 Orchomeniis
1145 2466 1500 2498 tributadare‘rhebanos
1508 2474 1626 2505 aequum

964 2516 1057 2541 esset.
1074 2513 1149 2541 586.

921 2554 1033 2594 Oropii
1049 2552 1288 2584 Atheniensibus
1305 2563 1408 2593 agrum
1426 2552 1627 2582 donaverunt.

921 2641 1075 2680 Orpheus,
1092 2640 1216 2670 deorum
1240 2638 1270 2668 in
1291 2639 1400 2679 primis
1416 2636 1629 2671 calumniator,

965 2684 1143 2722 discerptus
1169 2681 1297 2719 interiit,
1314 2683 1379 2712 vid.
1401 2680 1527 2714 ποιητής.
1549 2689 1629 2709 mor-

964 2733 1034 2756 tuos
1058 2737 1098 2756 ex
1122 2727 1206 2755 Orco
1231 2726 1364 2756 reduxit.
1386 2728 1461 2755 485.
1485 2722 1630 2753 Busiride

965 2774 1055 2800 aetate
1072 2769 1236 2810 posterior.
1253 2769 1328 2799 ibid.

1260 2837 1297 2866 P.

218 2896 434 2927 democratiam
467 2896 660 2927 aristocratia
688 2896 890 2939 (oligarcbia)
925 2897 1157 2929 Paennesst58.

219 2943 430 2979 temperatam.
449 2942 523 2970 542.

179 2982 337 3021 Lysander
359 2982 496 3013 Athenas
516 2993 696 3022 oppugnans
719 2982 892 3017 interdixit,

222 3034 260 3055 ne
275 3024 344 3064 quis
355 3024 596 3057 ‘Atheniensibus
615 3027 762 3057 frumenta
777 3025 892 3066 impor-

926 2941 1130 2970 Panathenaea
1146 2950 1262 2978 magna.
1277 2940 1351 2969 508.

927 2983 1170 3014 Panathenaicus
1198 2982 1351 3021 quomodo
1379 2980 1499 3011 differat
1527 2990 1544 3010 a
1575 2980 1633 3010 Pa-

969 3026 1124 3067 negyrico.
1138 3027 1210 3057 255.
1224 3027 1298 3057 512.
1318 3023 1532 3056 Panathenaici
1545 3023 1633 3054 Sum-
