1924 3314
297 215 400 262 102
778 219 1277 262 ΙΣΟΚΡΑΤΟΥΣ

291 356 385 391 νοις
427 330 565 402 Τιμα
602 329 679 393 τῆν
713 330 1019 425 ὖπαΙρΝχουσ-αν
1052 330 1207 383 ου’σιάν
1252 329 1412 383 δυοῖν
1400 329 1544 393 ἕνεκα,
1583 354 1659 383 του
1699 354 1749 383 τε

293 404 458 477 ζημίαν
491 405 697 476 μεγάλην
734 416 912 458 εκτΐσαι
940 403 1210 467 1ὃυναοθαι,
1241 428 1320 458 και
1349 428 1425 456 του
1463 403 1578 472 φίλῳ
1607 428 1749 458 σπου·
1770 420 1795 458 b

291 479 398 546 δαΐῳ
424 477 720 546 δυστυχοῦντι
750 480 996 542 βοηθῆσαι·
1028 503 1135 567 προς
1169 477 1210 531 δε
1239 503 1313 531 τον
1338 476 1481 530 ἀλλον
1510 479 1601 531 ξιον
1620 476 1751 549 μηδεν

291 552 669 645 ὑπερβαλλόντως
691 552 824 605 οἷλλοέ
851 576 1042 645 μετριως
1069 553 1208 615 αυτὴν
1240 553 1442 619 οἷγοίπα.
1475 552 1644 642 Στέξγε
1671 553 1751 623 μὲν

291 626 356 678 τοὶ
381 627 601 720 παρόντα,
630 626 750 699 ζήτει
792 625 835 679 δὲ
861 627 926 679 τοὶ
959 625 1153 687 βελτιω.
1197 624 1359 688 Μηδενι
1389 627 1618 707 συμφοραν
1647 626 1750 679 ὄνει-

291 698 428 770 &serpe
459 700 574 763 κοινῆ
599 725 689 768 4γαρ
724 701 749 762 ἦ
779 700 915 776 τύχη,
951 724 1030 752 και
1067 725 1118 752 το
1154 701 1321 769 μελλον
1347 699 1555 789 α’ἇρατον.
1634 700 1753 760 Τους

290 773 575 840 α”γαθους
529 783 571 828 εὐ
608 772 741 828 volet·
776 777 916 834 καλὸς
948 774 1041 866 ’γαρ
1073 774 1292 868 θησαυξος
1322 798 1416 842 παρ
1455 772 1575 842 α’νὸρι
1601 791 1751 826 σπου-

291 845 401 900 Sala,
436 849 570 925 χάρις
601 847 870 919 οφειλομεᾞνη
913 873 1012 908 τους
1048 872 1214 908 κακους
1248 847 1327 900 ²3⁰
1354 848 1401 900 εὐ
1443 873 1576 901 ποιων
1616 848 1751 919 ὅμοια

291 922 427 994 πείσῃ
453 934 544 983 τοῖς
570 948 657 983 τας
674 922 942 1015 α’λλοτξιάς
949 924 1079 982 κύνας
1104 922 1408 995 σιτιζουσιν·’
1392 922 1559 975 εκειναί
1583 946 1632 974 τε
1639 948 1750 1015 γαρ
1769 949 1790 972 c

293 1020 396 1056 τους
441 995 636 1057 διδόντας
674 1021 818 1083 cog-weg>
864 1021 966 1056 τους
1018 1021 1243 1064 τυχοντας
1287 997 1577 1058 ὑλακτοῦσιν,
1615 1022 1650 1049 οι
1699 1020 1748 1048 τε

293 1094 428 1124 κακοι
460 1096 561 1131 τους
584 1072 866 1137 ωφελουντας
892 1070 1030 1140 ὥςπερ
1063 1095 1164 1130 τους
1193 1071 1502 1132 βλάπτοντας
1530 1068 1749 1122 dandum.

294 1143 435 1198 Mla-ez
488 1170 590 1205 τους
644 1146 985 1207 κολακεύοντας,
1040 1142 1182 1219 ὥςπερ
1241 1169 1343 1203 τους
1402 1142 1749 1210 ἔξαπατωντας·

478 1269 488 1289 ¹
512 1266 643 1298 δύνασθαι
660 1279 719 1300 om.
735 1269 775 1299 A.
793 1269 829 1299 L.

336 1350 463 1393 Ζημίιιν]
488 1352 560 1381 Vox
578 1350 669 1392 ζημία,
691 1352 820 1382 fortasse
843 1352 1005 1382 referenda

293 1400 340 1424 est
351 1396 387 1424 ad
401 1396 529 1425 mulctas
542 1401 571 1425 et
585 1394 888 1433 poenasjudiciarias.
906 1396 1003 1425 Face.

293 1437 365 1467 Nisi
386 1438 533 1478 integram
553 1438 675 1476 phrasin
694 1439 732 1467 de
751 1449 931 1477 quocunque
952 1439 1005 1468 da-

294 1491 364 1510 mno
375 1481 419 1510 rei
430 1481 586 1511 familiaris
600 1481 794 1511 resarciendo
809 1480 1005 1520 interpretari

295 1524 394 1553 malis.
416 1524 541 1555 ancx.

339 1565 489 1607 Βοηθῗίσαι]
513 1567 622 1597 Cicero
635 1566 714 1597 offic.
729 1567 750 1597 l.
762 1566 789 1596 I.
802 1577 828 1597 c.
840 1569 891 1598 20.
915 1571 936 1585 “

296 1609 338 1638 bil
352 1610 511 1639 honestius
522 1610 836 1650 magnificentiusque,
849 1620 936 1649 quam
950 1620 1004 1649 pe-

295 1652 415 1681 cuniam
443 1658 650 1688 contemnere,
678 1652 704 1682 si
731 1663 790 1682 nou
815 1653 948 1682 habeas:
978 1652 1005 1682 si

295 1695 421 1730 habeas,
434 1697 472 1725 ad
486 1695 714 1725 beneficentiam
729 1695 1005 1734 liberalitatemque

295 1737 467 1767 conferre.’'
505 1739 612 1777 Nepos
639 1738 669 1767 in
697 1737 760 1767 vita
786 1738 881 1768 Attici
906 1749 933 1768 c.
952 1741 1004 1769 12.

294 1784 316 1799 ⁴‘
330 1782 457 1810 Tantum
471 1781 568 1810 abfuit
584 1791 601 1810 a
622 1781 792 1820 cupiditate
807 1781 955 1821 pecuniae,
974 1786 1006 1811 ut

295 1824 379 1853 nulla
396 1824 425 1853 in
442 1833 475 1853 re
494 1834 566 1853 usus
589 1823 629 1853 sit
652 1834 698 1860 ea,
716 1824 774 1853 nisi
792 1824 822 1853 in
839 1825 1004 1863 deprecan-

294 1866 342 1895 dis
355 1866 519 1896 amicorum
533 1872 585 1896 aut
602 1866 747 1907 periculis
765 1872 818 1897 aut
837 1867 1005 1897 incommo-

295 1909 354 1940 dis.
378 1912 479 1940 FAcc.

340 1953 447 1993 Αὐτὴν]
485 1952 558 1983 Scil.
589 1950 691 1982 οὖα-ἴαν.
712 1970 756 1975 —·
800 1952 886 1982 Med.
909 1952 1004 1988 αὐτὸν,

296 1996 364 2025 scil.
381 1995 447 2035 Βίον,
463 2006 521 2034 qua
539 1996 710 2034 posteriore
725 1995 857 2025 lectione
873 1996 1006 2025 admissa

296 2037 354 2073 Βίος
371 2039 435 2069 11.l.
449 2039 531 2068 idem
548 2038 618 2074 erit,
642 2038 723 2077 quod
746 2038 837 2075 οὐσία,
859 2038 1005 2077 locusque

296 2081 340 2111 ita
362 2083 425 2112 sere
443 2082 687 2112 transferendus:
711 2082 786 2121 quod
799 2092 865 2112 vero
879 2082 917 2111 ad
937 2082 1005 2111 reli-

297 2135 367 2164 quas
382 2125 502 2155 divitias
515 2125 636 2162 attinet,
652 2129 686 2154 tu
699 2133 735 2153 ne
749 2135 808 2154 non
821 2125 1007 2155 immoderate

297 2168 374 2203 illas,
383 2168 430 2197 sed
442 2168 622 2197 mediocriter
630 2168 759 2197 aestimes.
776 2168 819 2198 At
830 2178 888 2197 non
901 2168 1005 2204 video,

298 2210 372 2248 quid
386 2211 446 2240 sibi
459 2210 553 2240 velint
564 2211 629 2240 alite
639 2211 760 2246 divitiae,
772 2221 827 2240 uec
837 2211 910 2250 quid
924 2212 1006 2241 aliud

298 2253 372 2282 mihi
389 2254 563 2293 displiceat,
578 2254 670 2283 addo.
705 2253 790 2283 Hinc
808 2254 874 2295 πρὸς
892 2253 938 2284 τὶν
954 2254 1007 2283 ἄλ·

298 2301 344 2326 λον
363 2295 419 2328 Βίον
434 2296 574 2335 explico:
601 2297 640 2326 ud
655 2296 778 2336 reliquos
797 2298 830 2326 in
846 2298 906 2327 vita
926 2306 1006 2327 usus.

297 2338 467 2377 praesertim
490 2350 581 2378 quum
603 2338 694 2368 οὐσίαν
714 2341 776 2378 jam
800 2340 1007 2379 praecesserit,

261 2412 264 2414 ,
298 2386 330 2411 et
345 2382 442 2417 αὐτὴν,
453 2383 534 2421 quod
549 2382 583 2411 ad
596 2381 687 2411 οὐσίαν
699 2384 856 2413 commode
868 2384 1008 2420 refertur,

298 2434 317 2454 a
331 2425 431 2454 Codd.
446 2426 592 2454 firmetur.
618 2426 727 2455 Leuc.

341 2467 445 2507 Στέξγε
466 2467 521 2506 μὲν
541 2470 581 2498 τὰ
601 2467 743 2509 παςόντα]
767 2474 841 2499 sorte
864 2474 918 2499 tua
939 2479 1007 2500 con-

298 2516 397 2540 tentus
411 2516 475 2540 esto.
501 2512 621 2542 Wom.

342 2552 445 2593 Στέςγε
466 2553 521 2592 μὲν
542 2556 583 2584 τὰ
607 2552 747 2593 παξᾶντοι]
778 2554 816 2584 Id
841 2555 954 2585 dicitur
977 2554 1006 2584 in

298 2606 364 2633 eos,
388 2596 439 2635 qui
461 2608 515 2626 sua
539 2598 624 2635 parui
646 2597 791 2635 pendunt,
815 2603 846 2627 ut
872 2599 1008 2639 loquitur

298 2639 462 2669 Sallustius
475 2641 505 2669 in
518 2639 680 2669 Catilimc.
694 2640 758 2670 IX.
783 2641 932 2670 Phaedrus
946 2642 966 2671 1.
979 2641 1006 2672 Ι.

297 2683 360 2712 sab.
375 2685 407 2713 4.
422 2683 464 2712 ita
485 2683 576 2712 docet
600 2683 725 2712 meliora
744 2685 905 2721 quaerenda
927 2695 1007 2720 esse,

298 2730 333 2755 ut
348 2730 446 2755 tamen
461 2726 622 2764 praesentia
637 2736 695 2755 non
708 2727 893 2756 amittamus.
918 2727 1004 2757 Idem

298 2769 406 2798 docuit
424 2769 561 2807 AEsopus
581 2773 612 2799 et
627 2779 666 2798 ex
683 2779 719 2797 eo
736 2770 775 2798 G.
793 2770 928 2799 Faernus
944 2771 1003 2800 fab.

298 2811 392 2841 LIII.
405 2817 435 2842 et
447 2812 585 2842 Avianus
598 2812 656 2841 sab.
668 2811 748 2841 XX.
762 2812 870 2841 Horat.
885 2813 904 2841 l.
919 2812 943 2842 Ι.
956 2823 1004 2851 ep.

300 2856 353 2884 1⁷.
369 2865 399 2884 v.
411 2856 464 2885 23.
485 2855 506 2871 “
521 2855 627 2884 Omnis
637 2854 827 2892 Aristippum
840 2855 943 2885 decuit
955 2866 1005 2885 co-

297 2896 345 2926 lor
367 2901 398 2927 et
420 2901 516 2927 status
539 2903 570 2927 et
591 2908 652 2933 res,
677 2898 855 2927 Tentanteru
881 2900 1006 2937 majora,

297 2940 361 2970 sere
379 2940 580 2980 praesentibus
597 2950 727 2978 aequum.
754 2941 853 2971 Face.

341 2983 425 3013 Ζήτει
446 2983 476 3014 δὲ
494 2986 534 3014 τὰ,
550 2983 672 3023 Barim]
697 2983 806 3014 Cicero
822 2994 864 3015 rcs
879 2985 1005 3014 meliores

297 3036 424 3065 quarere
440 3027 498 3058 hoc
515 3026 600 3057 dicit.
625 3026 745 3057 wotr.

948 1567 1005 1597 Ni-
1039 1572 1060 1585 u

1337 1267 1351 1286 ²
1373 1266 1397 1297 δ’
1412 1268 1526 1300 om.A.
1546 1269 1581 1299 L.

1082 1352 1178 1383 Μηδενὶ
1195 1354 1344 1392 συμφορὰν
1359 1351 1505 1393 ὅνειδῖσῃς]
1528 1353 1686 1393 Sumptnm
1704 1357 1753 1383 est

1040 1406 1078 1425 ex
1097 1395 1220 1425 Pittaco
1244 1397 1325 1434 apud
1348 1395 1441 1433 Diog.
1457 1396 1559 1424 Laert.
1576 1395 1597 1424 Ι.
1609 1395 1636 1425 Ι.
1654 1406 1751 1435 segm.

1039 1441 1093 1469 78.
1116 1437 1257 1479 Ἀτυχίαν
1278 1440 1320 1477 μὴ
1343 1437 1486 1477 ὀνειδίζειν.
1522 1438 1604 1467 Hinc
1621 1438 1753 1468 Publius

1039 1483 1133 1520 Syrus
1149 1482 1178 1510 in
1195 1482 1296 1511 mimis
1313 1493 1342 1512 n.
1356 1483 1430 1511 148.
1463 1484 1485 1499 “
1499 1481 1642 1510 Crudelis
1659 1482 1750 1510 estin

1040 1535 1072 1554 re
1087 1525 1218 1554 adversa
1231 1523 1439 1563 objurgatio.”
1456 1522 1541 1552 Idem
1551 1523 1627 1553 ibid.
1639 1534 1667 1553 n.
1677 1525 1751 1554 586.

1070 1567 1224 1606 objurgari
1237 1568 1266 1596 in
1276 1567 1447 1596 calamitate
1459 1566 1583 1604 gravius
1594 1571 1651 1602 est,
1663 1576 1751 1605 quam

1039 1609 1229 1640 calamitas.'’
1252 1610 1301 1639 Ex
1313 1609 1459 1649 proverb.
1471 1609 1630 1638 Catonian.
1646 1611 1748 1648 cujus·

1039 1663 1159 1691 cunque
1171 1653 1232 1682 sint
1242 1652 1394 1682 auctoris:
1419 1655 1438 1669 ¹⁸
1449 1651 1586 1681 Irridens
1598 1652 1752 1688 miserum,

1039 1697 1164 1726 dubium
1186 1695 1264 1725 sciat
1280 1706 1369 1725 omne
1386 1694 1553 1725 futurum.'’
1578 1695 1681 1726 FAcc.

1083 1737 1240 1779 Σπουδαίῳ]
1274 1740 1353 1768 Post
1376 1735 1518 1775 σπουδαίῳ
1545 1738 1750 1776 supplendum

1039 1781 1202 1812 ἀπόκειται.
1214 1782 1374 1819 praeclurus
1390 1781 1543 1810 thesaurus
1553 1782 1696 1819 repositus
1711 1787 1750 1811 est

1038 1825 1119 1863 apud
1133 1827 1229 1854 virum
1247 1825 1351 1854 bonum
1368 1823 1463 1854 debita
1476 1824 1592 1863 gratia.
1623 1825 1751 1853 Senten-

1039 1867 1081 1896 tia
1097 1873 1164 1897 est:
1192 1867 1380 1897 Beneficium
1396 1867 1425 1896 in
1443 1868 1555 1896 bonum
1574 1867 1669 1896 virum
1687 1868 1750 1896 col-

1037 1910 1168 1940 locatum
1194 1920 1251 1940 non
1276 1911 1358 1940 aliud
1383 1914 1441 1945 est,
1463 1920 1551 1948 quam
1576 1910 1750 1940 thesaurum

1038 1953 1169 1992 aliquem
1192 1954 1414 1983 asservandum
1439 1952 1485 1981 illi
1506 1952 1644 1988 dedisse,
1662 1964 1751 1992 quem

1039 1996 1066 2025 is
1082 1996 1138 2025 tibi
1154 1998 1263 2034 quovis
1280 2001 1418 2036 tempore
1431 1996 1509 2025 bona
1523 1995 1581 2025 nde
1595 1995 1636 2025 sit
1647 1996 1752 2026 reddi-

1038 2043 1137 2068 turus.
1161 2039 1281 2069 VVoLr.

1082 2084 1153 2115 Τοὺς
1173 2084 1275 2115 κακοὺς
1295 2079 1324 2111 εὖ
1348 2081 1448 2122 ποιῶν]
1482 2081 1631 2111 Phaedrus
1654 2081 1675 2111 1.
1693 2082 1751 2112 lv,

1040 2125 1100 2154 sab.
1116 2128 1169 2156 18.
1192 2130 1212 2143 ‘¹
1227 2125 1287 2164 Qui
1308 2126 1365 2154 fert
1386 2124 1536 2155 auxilium
1555 2124 1656 2160 malis,
1680 2130 1752 2164 post

1039 2171 1162 2207 tempus
1180 2167 1297 2198 dolet.'’
1335 2169 1393 2197 Est
1413 2168 1506 2198 etiam
1531 2167 1559 2196 in
1589 2177 1652 2196 rem
1673 2168 1750 2197 hano

1039 2210 1229 2249 Theognidis
1253 2211 1403 2240 sententia
1426 2221 1455 2240 v.
1475 2211 1549 2240 105.
1583 2211 1697 2243 Δειλοὺς
1721 2208 1752 2240 εὖ

1041 2253 1141 2293 ἕξδοντι
1156 2255 1347 2293 ματαιοτάτη
1360 2254 1442 2295 χάρις
1455 2252 1529 2283 ἐστι’.
1552 2253 1630 2283 Item
1648 2253 1750 2283 Plauti

1042 2296 1071 2326 in
1088 2298 1209 2327 Poenul.
1229 2301 1288 2327 aet.
1309 2297 1375 2327 ΙΙΙ.
1398 2308 1441 2326 sc.
1465 2298 1495 2327 3.
1513 2296 1635 2326 “Malo
1656 2297 1750 2326 bene-

1042 2340 1143 2370 facere
1171 2340 1347 2370 tantundem
1377 2344 1424 2369 est
1448 2339 1632 2379 periculum,
1656 2350 1751 2379 quan-

1042 2387 1106 2412 tum
1123 2385 1201 2412 bono
1216 2382 1432 2412 malefacere.'’
1455 2384 1557 2413 FAcc.

1085 2425 1217 2467 Ἐκεῖναι]
1245 2427 1303 2456 Ρι·ο
1318 2423 1416 2461 αὗται,
1433 2431 1464 2455 et
1478 2426 1609 2456 refertur
1624 2425 1661 2455 ad
1678 2435 1751 2465 pro-

1041 2469 1186 2509 pinquius
1201 2480 1319 2499 [tomen.
1343 2469 1472 2499 Wom.

1084 2512 1248 2553 Τυχόντας]
1276 2513 1409 2542 Budaeus
1422 2512 1450 2541 iu
1465 2521 1520 2541 suo
1535 2511 1643 2541 codice
1660 2521 1751 2541 anno-

1042 2559 1119 2585 tarat
1135 2555 1311 2590 τύπτοντας,
1328 2560 1361 2585 ut
1375 2554 1496 2584 τύπτειν
1511 2559 1542 2584 et
1558 2553 1657 2584 διδόναι
1673 2555 1752 2584 inter

1042 2609 1075 2628 se
1099 2604 1346 2637 opponerentur:
1381 2598 1472 2628 lectio
1504 2599 1582 2627 bona
1605 2602 1665 2633 est,
1691 2598 1750 2627 etsi

1040 2641 1183 2675 τυπόντας
1210 2641 1318 2671 melius
1341 2642 1504 2679 quadraret
1527 2641 1563 2670 ad
1595 2639 1751 2680 τυχόντας.

1041 2685 1149 2714 Inmr.
1175 2685 1320 2723 Egregie.
1348 2685 1458 2714 hmo.
1481 2681 1566 2712 Ἀλλ’
1581 2683 1609 2712 οὐ
1625 2685 1680 2724 χρὴ
1695 2693 1751 2722 με-

1040 2728 1160 2756 τακινεῖν
1184 2729 1232 2757 τῆν
1257 2726 1375 2767 γξοιφήν·
1397 2727 1418 2756 οἳ
1443 2726 1497 2765 γὰρ
1523 2725 1607 2760 κύνες,
1631 2726 1678 2755 οὐκ
1703 2725 1751 2755 ἐπὶ

1039 2770 1137 2810 μόνους
1152 2771 1217 2805 τοὺς
1232 2770 1396 2802 τύπτοντας
1411 2769 1546 2809 ὃςμῶο-ιν,
1566 2769 1645 2798 ἀλλὰ
1659 2773 1678 2785 “
1690 2769 1752 2808 πρὶν

1040 2811 1208 2850 σκέψασθαι
1223 2813 1245 2842 εἰ
1269 2811 1360 2852 φίλος,
1380 2810 1413 2841 ἃν
1432 2811 1512 2850 μόνον
1533 2810 1660 2852 ψοφῆσῃ,
1681 2813 1751 2841 ὑλα-

1040 2855 1187 2891 κτοῦσιν,”
1207 2857 1243 2891 ὥς
1266 2864 1351 2895 φησιν
1364 2854 1376 2883 ὁ
1392 2854 1546 2895 φιλόσοφος
1560 2853 1631 2884 ’HQ
1647 2860 1750 2894 Νικομ.

1041 2905 1075 2929 z.
1092 2898 1128 2938 ζ’.
1149 2899 1236 2929 Con.

1084 2941 1296 2981 Ὠφελοῦντοις]
1320 2940 1395 2971 Scil.
1411 2939 1523 2973 αὐτούς.
1546 2941 1671 2971 VVOLF.

1083 2984 1165 3014 Μίσει
1182 2986 1246 3019 τοὺς
1261 2983 1477 3022 κολακεύοντας]
1504 2984 1574 3013 Huc
1590 2983 1662 3013 facit
1674 2983 1750 3013 illud

1042 3028 1164 3058 Pha-dri
1181 3028 1201 3057 l.
1219 3028 1246 3058 1.
1265 3027 1323 3056 snb.
1343 3029 1392 3057 13.
1409 3026 1491 3065 “qni
1503 3037 1535 3056 se
1548 3026 1666 3056 laudari
1678 3036 1750 3066 gau-
