1914 3314
261 190 366 236 Mn

261 325 374 364 vtem,
395 298 512 351 ὃθκεί
528 323 600 369 μοι
625 322 800 391 πρεπέίν
819 299 896 351 καὶ
914 321 1030 390 πίει
1042 299 1250 350 7601111101)
1269 321 1489 366 παροντων

736 188 1216 232 ΙΣΟΚΡΑΤΟὙΣ

1515 298 1534 326 2
1546 297 1686 351 ἓντεῧ-

261 376 338 425 θεν
371 371 648 434 ποιήσαιο-θαι
687 396 762 433 την
802 372 959 447 οἷρχήν.
1003 370 1161 441 ἥκομεν
1194 395 1284 445 ’γαρ
1325 370 1732 433 emanando-ovum

306 469 441 498 ῙνυνῖΑ.
459 469 494 498 C.
510 469 545 498 L.

266 545 359 574 verba
394 542 611 572 criminationis
645 541 778 580 speciem
816 543 956 578 habeant,
986 548 1082 572 terum
1103 543 1140 572 ab
1164 543 1257 572 altero
1278 541 1453 581 longissime
1472 542 1575 573 distat.

771 468 783 486 ²
806 469 985 508 πςαγμίιτων
1001 467 1126 497 ἐντεῦθεν
1142 469 1179 498 A.
1196 469 1230 497 L.
1246 468 1457 509 [πςαγμίιτων]
1474 468 1598 499 ἐντεῦθεν
1612 469 1648 498 C.

1619 544 1688 580 Quo

265 591 363 617 mente
375 589 472 615 tamen
486 585 638 619 differunt,
649 584 778 623 ideoque
791 595 849 614 non
863 585 955 614 male·
986 586 1096 614 factum
1123 590 1181 620 est,
1201 589 1246 619 ut,
1272 589 1464 624 tyrannorum
1490 586 1606 615 fortuna
1631 586 1690 620 usi,

267 629 365 663 volus,
387 628 439 657 sed
458 627 588 665 optimus
609 626 687 656 civis
704 627 804 655 vovari
828 637 955 656 mereor.

265 669 329 711 (κζ’
332 670 358 710 .)
375 670 507 708 Optime,
516 669 646 707 inquam,
655 668 858 707 perspicietis,
867 669 957 698 maris

267 713 425 751 imperium
441 712 528 741 nobis
538 711 643 740 inutile
657 721 736 745 esse,
749 710 774 739 si
784 711 958 750 reipublicae

268 760 377 785 statum
405 760 472 783 ante
499 759 652 792 acceptam
678 752 764 782 istam
793 754 957 791 potentiam

268 808 336 828 cum
353 796 495 837 praesenti
514 796 608 825 forma
628 795 831 825 contuleritis.
875 794 960 836 (κζ’.)

270 843 348 870 Ante
365 840 456 869 maris
476 838 635 877 imperium
652 837 782 876 populus*
794 838 958 868 Athenien-

270 883 323 917 sis,
342 884 379 912 ab
400 881 522 921 optimis
545 880 713 910 oratoribus
733 881 856 916 ductus,
870 880 957 910 fortis

270 929 302 954 et
315 924 484 954 laboriosus
503 928 534 953 et
555 928 722 961 temperans
735 923 803 958 fuit,
819 927 958 961 tantaque

268 968 350 1006 apud
376 976 478 997 omnes
504 966 561 994 fide
585 965 745 1004 gaudebat,
768 970 800 994 ut
826 975 857 994 se
879 966 959 994 ultro

269 1010 432 1044 traderent,
456 1009 537 1037 idem
564 1018 635 1036 vero
661 1007 751 1036 maris
776 1007 901 1046 imperio
930 1012 961 1036 et

269 1052 409 1091 malignis
425 1050 598 1089 demagogis
612 1049 752 1088 pigritiae,
766 1048 895 1088 ignaviae
909 1060 960 1079 va-

270 1105 375 1133 naeque
386 1094 450 1133 spei
463 1093 568 1132 plenus
578 1092 712 1121 redditus
722 1097 779 1127 est,
789 1097 961 1131 tantumque

271 1137 373 1166 odium
401 1135 461 1165 sibi
485 1135 615 1174 peperit,
640 1141 673 1164 ut
699 1144 802 1173 parum
831 1135 961 1171 abesset,

271 1180 341 1218 quin
359 1178 508 1208 sociorum
532 1187 679 1206 consensu
702 1179 773 1206 urbs
791 1182 893 1206 nostra
907 1188 960 1206 ex-

273 1221 468 1250 scinderetur.
513 1219 599 1259 (κη’.)
623 1219 670 1248 Ne
687 1229 758 1249 vero
780 1223 894 1258 patrum
911 1226 961 1248 noa

272 1269 412 1298 strorum,
439 1262 559 1301 imperii
586 1267 722 1300 tempore
747 1262 961 1300 rempublicam

272 1305 554 1339 administrantium,
568 1304 680 1333 delicta
699 1304 903 1342 percensendo
918 1305 961 1332 in-

271 1348 473 1387 dignationem
504 1351 629 1376 vestram
661 1346 783 1375 nimium
813 1356 961 1380 moveam,

270 1390 479 1429 sepositisiiS‚
497 1399 562 1427 quae
578 1389 666 1418 vobis
687 1387 879 1417 odiosissima
894 1398 960 1417 esse

269 1433 395 1471 possint,
411 1443 446 1462 ea
464 1432 651 1464 solummodo
675 1431 922 1464 commemorabo,
944 1440 960 1459 e

268 1476 376 1515 quibus
398 1475 554 1504 amentiam
576 1474 695 1502 illorum
715 1472 827 1510 optime
851 1483 961 1510 cogno-

268 1528 354 1548 scere
371 1517 501 1557 possitis.
537 1514 595 1552 (κθ
598 1514 624 1555 .)
650 1515 823 1550 Pecuniam,
840 1525 906 1553 quae
922 1525 960 1544 ex

267 1560 390 1590 tributis
411 1563 577 1597 supererat,
590 1557 725 1606 populo'
719 1567 748 1585 in
764 1558 880 1586 theatro
900 1557 961 1587 dis-

266 1603 447 1636 tribuerunt,
467 1606 554 1638 atque
575 1600 742 1629 occisorum
764 1599 794 1628 in
812 1599 891 1628 bello
906 1610 961 1638 pu-

265 1645 357 1683 pillos
382 1643 624 1677 introduxerunt,
646 1641 764 1671 scilicet
786 1652 844 1680 quo
870 1642 962 1672 sociis

264 1687 437 1716 facultatum
458 1694 575 1714 suarum
597 1683 823 1713 aestimationem
844 1688 875 1714 et
897 1685 964 1714 aliis

262 1728 507 1767 cladesipsornm
517 1727 763 1756 demonstrarent.
781 1727 964 1765 Usqueadeo

263 1782 318 1801 sua
329 1772 529 1809 neglexerunt
539 1774 569 1799 et
581 1769 676 1799 aliena
688 1769 912 1808 appetiverunt,
923 1775 965 1805 ut,

261 1815 334 1844 dum
358 1814 390 1843 in
410 1817 577 1851 conspectu
595 1822 651 1841 suo
672 1812 768 1849 patria
783 1822 801 1841 a
825 1813 964 1842 Lacedae·

262 1856 369 1886 moniis
395 1857 578 1893 vastabatur,
604 1855 634 1884 in
665 1854 798 1883 Siciliam
827 1854 964 1884 triremes

261 1899 434 1938 implerent,
448 1897 627 1936 Italiamque
639 1907 706 1926 cnm
719 1897 903 1940 Carthagine
911 1908 963 1927 ex-

261 1951 394 1981 pugnare
411 1944 576 1979 sperarent.
610 1940 717 1978 N=eque
732 1944 828 1968 tamen
845 1929 965 1970 calami—

261 1984 375 2014 tatibus
387 1982 516 2012 correcti
528 1985 605 2011 sunt.
629 1983 666 2011 In
675 1981 810 2020 AEgypto
819 1981 963 2013 ducentas

258 2027 396 2057 triremes
413 2035 479 2055 cum
491 2024 568 2062 ipsis
581 2024 762 2060 hominibus,
780 2025 817 2053 ad
830 2025 962 2063 Cyprum

260 2068 474 2108 quinquaginta
495 2075 524 2097 et
547 2072 676 2102 centum,
694 2067 723 2096 in
742 2067 838 2096 Ponto
857 2069 962 2098 decem

259 2112 354 2141 millia
376 2116 570 2146 armatorum,
585 2110 691 2148 partim
715 2109 838 2144 civium,
854 2111 961 2149 partim

259 2154 421 2188 sociorum,
443 2152 628 2190 amiserunt3
657 2152 686 2181 in
709 2152 814 2182 Sicilia
836 2153 962 2191 quadra-

259 2197 341 2235 ginta
355 2196 450 2226 millia
465 2195 595 2225 virorum
611 2205 678 2224 cum
694 2194 833 2224 ducentis
847 2202 876 2225 et
891 2206 961 2234 qua-

258 2239 395 2278 draginta
406 2238 578 2268 triremibus
589 2248 598 2275 ;
620 2238 651 2267 in
665 2237 865 2276 Hellesponto
876 2238 960 2267 deni-

258 2291 317 2320 que
333 2282 469 2311 ducentae
486 2280 650 2319 perierunt.
681 2280 827 2318 sepulcra
842 2281 962 2318 publica

259 2323 377 2353 civibus
398 2328 429 2352 et
448 2323 559 2353 civium
581 2322 695 2352 tabulas
716 2322 831 2352 exteris
853 2323 962 2362 imple-

259 2366 342 2401 bant,
357 2366 399 2395 ita
412 2370 444 2395 nt
458 2365 712 2394 nobilissimorum
726 2366 856 2394 virorum
875 2376 963 2404 gene-

259 2408 343 2438 ribus
358 2408 610 2446 amplissimisque
625 2407 745 2437 familiis
762 2408 817 2437 sub
833 2408 890 2437 hoe
910 2409 964 2438 im-

261 2450 344 2490 perio
360 2450 486 2486 eversis,
502 2450 661 2489 permutati
677 2456 707 2480 et
724 2460 808 2488 paene
827 2451 877 2480 alii
894 2451 964 2480 facti

261 2493 427 2522 videamur.
463 2492 534 2534 (λ’.)
561 2492 678 2528 Quodsi
705 2503 740 2522 ea
766 2493 874 2522 civitas
900 2494 964 2523 lau-

261 2535 359 2565 danda
373 2540 428 2570 est,
445 2545 511 2574 quae
527 2535 749 2573 antiquissimas
765 2535 890 2565 familias
903 2541 965 2566 stu-

261 2577 377 2608 diosius
412 2582 581 2612 conservat,
609 2578 689 2616 iique
719 2578 776 2607 viri
805 2579 965 2608 aemulandi

261 2625 341 2657 sunt,
352 2620 402 2659 qui
418 2620 555 2659 imperio,
570 2620 649 2658 quod
661 2620 698 2649 iis
711 2631 727 2649 a
743 2621 855 2660 populo
867 2622 965 2652 defer-

260 2668 319 2698 tur,
331 2662 414 2701 digni
429 2668 509 2696 snnt,
523 2662 631 2691 imitari
641 2673 675 2692 ac
688 2662 802 2692 laudari
813 2668 965 2694 merentur

259 2705 341 2736 circa
371 2705 498 2734 Persica
522 2705 601 2734 bella
628 2705 775 2739 viventes,
800 2706 850 2744 qui
879 2706 961 2737 victu

258 2747 434 2787 quotidiano
460 2757 516 2777 non
537 2751 661 2785 egentes
687 2757 741 2776 nec
766 2749 962 2785 abundantes,

258 2790 427 2830 aequitatem
458 2789 634 2828 reipublicae
665 2791 803 2827 gerendae
832 2801 961 2830 suasque

259 2834 385 2863 virtutes
405 2832 487 2862 laudi
508 2832 566 2861 sibi
589 2832 734 2861 ducentes
753 2832 960 2864 suavissimam

258 2877 350 2906 vitam
366 2875 578 2913 transigebant.
624 2874 692 2903 Hos
708 2879 805 2904 autem
820 2876 960 2913 proxime

257 2918 365 2955 secuti,
385 2927 441 2947 non
458 2916 656 2956 principatum
678 2916 823 2952 obtinere,
842 2919 894 2947 sed
911 2924 959 2957 ty-

256 2961 406 2990 rannidem
423 2969 564 2990 exercere
581 2958 759 2994 maluerunt,
774 2970 899 2998 quornm
916 2962 958 2990 al-

989 638 1058 656 suas
1078 637 1163 656 arces
1183 637 1312 666 suosque
1332 627 1444 656 liberos
1461 627 1585 657 hostium
1604 633 1690 666 pote-

989 670 1059 699 stati
1079 670 1253 708 permittere
1274 674 1463 708 cogerentur.
1498 669 1590 709 (λα’.)
1612 670 1690 706 Quis

990 722 1062 742 vero
1085 717 1218 741 nostrum
1244 717 1301 747 est,
1320 712 1376 741 nisi
1397 712 1435 741 sit
1454 716 1553 742 mente
1573 718 1690 751 captus,

989 754 1192 793 omniumque,
1218 765 1283 793 quae
1303 753 1415 783 homini
1442 759 1543 783 sancta
1568 759 1599 784 et
1623 764 1692 784 cara

991 806 1057 826 esse
1070 797 1180 832 solent,
1195 806 1318 835 prorsus
1332 797 1497 835 negligens,
1509 796 1559 835 qui
1573 796 1693 835 imperii

990 839 1139 877 ejusmodi
1154 839 1350 872 calamitates,
1365 839 1524 868 mediocris
1540 839 1608 868 vitae
1624 849 1693 878 pro-

990 881 1137 919 speritati,
1149 881 1419 920 opesquejustitiae
1431 886 1611 920 anteponere
1624 892 1694 920 pos-

990 924 1046 952 sit?
1072 924 1097 952 E
1108 924 1217 961 quibus
1230 924 1366 953 omnibus
1378 928 1514 962 apparet,
1523 929 1554 953 et
1564 929 1694 953 nostram

991 970 1097 995 terram
1115 965 1199 995 viros
1222 965 1289 994 aliis
1309 966 1533 1004 praestantiores
1552 966 1642 1000 alere,
1664 969 1695 995 et

991 1007 1148 1047 imperium
1166 1008 1256 1037 maris
1281 1018 1394 1042 omnes,
1418 1008 1469 1047 qui
1489 1009 1541 1037 illo
1560 1012 1694 1043 utuntur,

991 1051 1157 1080 deteriores
1172 1050 1299 1080 efficere.
1326 1050 1417 1091 (λε’.)
1447 1051 1546 1089 Atque
1561 1051 1634 1079 hanc
1646 1050 1694 1079 sui

992 1092 1088 1131 ipsius
1102 1097 1236 1122 naturam
1251 1093 1339 1122 citius
1355 1092 1443 1122 etiam
1459 1093 1487 1122 in
1502 1094 1694 1123 Lacedaemo·-

993 1135 1050 1164 niis
1086 1135 1240 1174 patefecit,
1276 1145 1400 1174 quorum
1437 1135 1695 1170 constitutionem,

993 1188 1046 1217 per
1065 1177 1273 1217 septingentos
1289 1188 1381 1207 annos
1396 1178 1549 1212 intactam,
1566 1177 1608 1206 ita
1623 1187 1693 1205 con—

993 1220 1099 1255 cussit,
1127 1224 1159 1249 nt
1184 1230 1287 1258 parum
1313 1220 1443 1255 abesset,
1467 1220 1538 1258 quin
1562 1219 1695 1249 funditus

993 1262 1139 1291 interiret.
1185 1262 1332 1291 Reddidit
1355 1262 1432 1291 enim
1462 1262 1529 1291 illos
1556 1262 1695 1300 injustos,

994 1305 1146 1339 socordes,
1169 1304 1299 1342 iniquOS,
1317 1314 1434 1341 avaros,
1455 1305 1603 1334 sociorum
1625 1313 1696 1333 con-

993 1351 1168 1383 temptores,
1196 1347 1356 1375 alienarum
1381 1357 1482 1376 rerum
1507 1350 1694 1386 appetentes,

991 1388 1185 1426 jurisjurandi
1203 1399 1238 1417 ac
1254 1389 1398 1417 foederum
1419 1389 1619 1428 negligenteS,
1633 1388 1696 1418 bel-

993 1431 1148 1468 lorumque
1171 1430 1212 1459 ita
1236 1430 1400 1466 studiosos,
1428 1436 1460 1459 ut
1480 1440 1577 1468 neque
1604 1431 1697 1460 sociis

995 1483 1089 1511 neque
1099 1472 1230 1502 maxima
1239 1472 1297 1502 sibi
1314 1472 1516 1502 tribuentibus
1530 1477 1697 1512 parcerent.

995 1516 1143 1553 Exemplo
1159 1520 1226 1544 sunt
1241 1515 1321 1550 Chii,
1337 1514 1471 1545 'l'hebani
1489 1525 1604 1554 rexque
1626 1516 1699 1545 Per-

995 1568 1103 1587 sarum.
1127 1556 1218 1598 (λγ’.)
1240 1557 1320 1587 Hinc
1344 1568 1434 1587 causa
1451 1558 1592 1588 malorum
1609 1559 1699 1596 Spar-

994 1606 1031 1629 tae
1048 1610 1106 1630 non
1121 1600 1149 1629 in
1169 1600 1326 1629 Leuctrica
1339 1600 1436 1635 clade,
1451 1601 1504 1630 sed
1520 1601 1550 1629 in
1565 1600 1604 1630 iis
1620 1611 1699 1640 quae-

994 1643 1088 1672 reuda
1103 1647 1160 1678 est,
1180 1652 1246 1681 quae
1260 1642 1348 1672 istam
1368 1643 1483 1672 cladem
1499 1642 1701 1679 anteitferunt,

996 1696 1086 1724 quum
1108 1685 1325 1715 Lacedaemonii
1343 1685 1419 1715 alios
1436 1685 1605 1721 vastabant,
1624 1686 1701 1715 alios

998 1729 1157 1763 vexabant,
1171 1728 1356 1766 respublicas
1368 1728 1491 1758 aliorum
1507 1728 1701 1767 abrogabant,

997 1770 1072 1800 alios
1088 1771 1216 1808 denique
1232 1770 1320 1799 bellis
1334 1780 1368 1799 ac
1383 1770 1580 1801 seditionibus
1595 1770 1701 1809 imple-

998 1813 1077 1842 bant.
1123 1813 1191 1842 Hac
1220 1812 1339 1842 demum
1368 1812 1554 1852 principatus
1577 1813 1701 1843 licentia

997 1855 1106 1884 factum
1129 1860 1186 1890 est,
1212 1859 1244 1884 ut
1263 1855 1352 1885 etiam
1369 1860 1510 1885 terrestre
1530 1855 1701 1895 imperium,

998 1899 1084 1936 cujus
1102 1899 1178 1927 bona
1189 1897 1403 1935 gubernatione
1419 1898 1509 1928 maris
1523 1898 1598 1928 illud
1614 1898 1701 1928 facile

998 1945 1186 1978 acceperant,
1200 1941 1339 1969 celeriter
1354 1940 1537 1976 amitterent,
1554 1940 1702 1979 neglectis

999 1993 1106 2022 nempe
1128 1988 1243 2021 patrum
1267 1982 1385 2021 legibus
1415 1986 1445 2012 et
1467 1983 1624 2018 institutis,
1645 1993 1701 2014 nec

997 2026 1176 2064 cogitantes,
1191 2025 1276 2054 istam
1297 2030 1475 2063 potestatem
1491 2025 1701 2057 meretricibus

997 2078 1064 2098 esse
1090 2068 1230 2102 similem,
1256 2078 1322 2106 quae
1342 2073 1490 2098 amatores
1508 2068 1644 2098 alliciunt
1665 2078 1701 2098 ac

997 2111 1135 2148 perdunt.
1159 2109 1248 2150 (λδ’.)
1272 2111 1358 2139 Hanc
1371 2120 1442 2139 vero
1457 2120 1523 2140 esse
1535 2110 1632 2140 nimiae
1648 2120 1702 2149 po·

996 2153 1096 2182 tentiae
1112 2158 1244 2181 naturam
1260 2158 1290 2181 et
1306 2152 1446 2188 indolem,
1464 2157 1494 2182 et
1512 2154 1702 2183 Lacedaemo-

996 2195 1111 2224 niorum
1122 2200 1152 2224 et
1163 2199 1265 2224 nostra
1275 2195 1425 2224 simillima
1434 2196 1572 2235 exempla
1581 2196 1702 2225 docent.

998 2238 1122 2276 Utrique
1138 2238 1215 2266 enim
1231 2237 1407 2276 simulatque
1428 2237 1504 2267 banc
1522 2242 1702 2277 potestatem

996 2280 1099 2319 adepti
1112 2291 1223 2315 sumus,
1239 2280 1317 2309 omni
1330 2280 1507 2318 flagitiorum
1518 2291 1627 2319 genere
1637 2290 1701 2310 ma-

995 2322 1088 2352 culati
1103 2328 1133 2352 et
1147 2323 1238 2352 sociis
1249 2322 1338 2351 invisi
1352 2322 1476 2358 redditi,
1489 2323 1575 2352 alteri
1588 2323 1700 2354 alteros

997 2365 1034 2394 ab
1063 2365 1182 2395 interitu
1210 2365 1439 2395 vindicavimus.
1481 2364 1580 2406 (λε’.),
1594 2367 1700 2404 Neque

999 2417 1069 2437 vero
1091 2408 1196 2437 mirum
1217 2412 1273 2441 est,
1294 2408 1537 2437 Lacedaemonios
1555 2411 1587 2438 et
1606 2408 1700 2438 Athe-

998 2449 1117 2480 nienses
1131 2451 1168 2479 de
1189 2450 1319 2479 maxima
1333 2450 1477 2479 malorum
1500 2460 1590 2480 causa
1612 2450 1701 2480 armis

998 2493 1200 2528 contendisse,
1216 2503 1306 2531 quum
1327 2492 1520 2531 plurimorum
1539 2497 1641 2522 natura
1656 2493 1698 2522 fe-

998 2539 1054 2570 rat,
1067 2540 1098 2565 ut
1115 2536 1160 2564 vel
1177 2536 1204 2564 in
1221 2535 1260 2565 iis
1274 2536 1375 2570 rebus,
1390 2545 1455 2573 quae
1470 2535 1531 2565 illis
1549 2534 1699 2573 praecipue

998 2587 1078 2607 curae
1098 2583 1178 2614 sunt,
1202 2577 1294 2608 noxia
1317 2577 1439 2607 utilibus
1458 2582 1649 2616 anteponant,
1671 2581 1701 2606 et

998 2621 1133 2650 hostibus
1147 2621 1255 2650 melius
1272 2630 1357 2659 quam
1378 2619 1576 2659 sibimetipsis
1592 2629 1701 2649 consu-

997 2663 1071 2693 lant.
1093 2663 1188 2704 (λς-’.)
1211 2664 1356 2701 Idemque
1369 2662 1489 2691 evenire
1501 2662 1638 2692 videmus
1650 2662 1700 2696 iis,

996 2706 1047 2745 qui
1063 2706 1091 2735 in
1108 2706 1202 2735 libera
1215 2706 1340 2735 civitate
1351 2709 1531 2743 potestatem
1544 2714 1701 2740 summam,

996 2759 1057 2778 rem
1074 2753 1106 2778 et
1120 2749 1181 2778 odii
1198 2754 1228 2778 et
1243 2747 1369 2787 periculi
1391 2746 1607 2785 plenissimam,
1623 2757 1703 2777 sum-

995 2792 1052 2820 mis
1066 2791 1179 2820 viribus
1192 2794 1348 2829 appetunt,
1357 2789 1490 2828 aliosque
1502 2799 1555 2819 sua
1566 2789 1702 2828 ipsorum

994 2834 1161 2872 cupiditate
1174 2832 1266 2864 veluti
1277 2836 1438 2862 excusatos
1450 2831 1589 2861 reddunt.
1613 2831 1705 2873 (λζ’.)

995 2876 1085 2913 Quod
1101 2877 1139 2906 de
1151 2875 1321 2905 monarchia
1337 2874 1484 2913 probatis,
1497 2874 1577 2904 idem
1590 2875 1627 2905 de
1640 2885 1702 2906 ma-

993 2919 1035 2948 ris
1050 2918 1177 2957 imperio
1193 2917 1320 2956 negatis,
1333 2916 1390 2947 etsi
1401 2916 1572 2947 mona'roliia
1582 2927 1600 2946 a
1610 2916 1701 2948 muris

992 2960 1119 3000 imperio
1140 2960 1211 2990 nihil
1239 2969 1362 2998 prorsus
1381 2959 1496 2994 differt,
1521 2964 1610 2999 atque
1631 2970 1702 2999 pru-
