1924 3314
319 220 369 259 16
843 217 899 259 Η.
932 216 1233 258 STEPHANI

297 332 389 369 dam
407 337 530 369 tamen
547 331 698 380 putavi:
729 345 801 370 nec
816 332 954 369 dubito
967 332 1059 382 quin
1077 344 1199 369 meum
1217 332 1256 368 in
1272 331 1470 380 sequenda
1487 343 1531 368 ea
1544 330 1746 368 consilinm

297 393 352 430 -sis
371 393 618 442 probaturus,
639 405 758 443 quum
779 393 862 431 liaec
883 392 1031 430 novitas
1051 405 1126 429 non
1146 392 1268 429 solum
1295 391 1389 428 nihil
1416 391 1652 430 incommodi
1672 393 1745 428 sed

295 455 412 491 etiam
434 453 626 490 commodi
648 453 793 503 aliquid
813 454 862 490 ad
884 453 1016 491 harum
1038 453 1242 490 lectionem
1263 451 1412 490 afferat.
1469 453 1542 490 Sed
1563 456 1604 490 et
1627 464 1746 489 ’voca-

301 514 429 551 bulum
453 518 638 564 συμμορία
660 527 740 564 quo
761 528 850 551 usus
872 521 930 551 est
949 514 1074 563 (quasi
1096 514 1182 563 quis
1199 513 1395 552 decuriam
1415 513 1547 551 Latine
1561 513 1686 559 dicat,
1703 518 1748 549 ut

301 574 402 613 Bud.
425 575 710 624 interpretatur)
739 575 900 612 retinui:
929 576 1079 612 etiamsi
1106 576 1235 625 τάγμα
1263 575 1380 625 paulo
1412 575 1532 624 magis
1562 575 1747 624 placeret.

300 635 377 672 Sed
409 648 529 685 quum
560 635 622 672 ille
652 636 892 685 scripsisset:
921 636 969 672 Ἡ
996 641 1117 684 πρώτη
1148 639 1351 686 συμμορία,
1373 639 1612 685 παραινετικῆ
1640 633 1747 672 οὖσα·

298 702 336 732 et
356 696 392 731 in
420 695 553 731 Latina
583 695 921 744 interpretatione:
956 695 1094 732 Prima
1123 694 1255 732 classis
1281 694 1604 732 admonitionum.
1635 693 1749 732 malui

295 756 350 792 ita
370 756 599 793 inscribere:
629 757 716 794 Τῶν
732 757 962 808 Ἰσοκράτους
977 758 1105 805 λόγων
1122 758 1308 807 συμμορία
1323 759 1459 807 πρώτη,
1474 758 1560 800 τοὺς
1574 770 1750 806 παραινε-

295 818 414 859 τικοὺς
433 818 572 865 λόγους
590 819 821 869 περιέχουσα.
880 818 1130 867 Eandemque
1151 819 1188 854 in
1210 818 1361 855 caeteris
1382 817 1567 855 classibus
1587 817 1748 854 formam

299 878 396 915 tituli
417 884 576 915 secutus
595 891 691 917 sum.
749 879 861 916 Hanc
895 885 1020 915 autem
1053 880 1090 915 in
1112 885 1237 915 certas
1264 879 1406 916 classes
1435 878 1746 916 distributionem

297 952 374 976 non
395 939 516 976 solum
537 939 631 976 nihi!
652 939 886 977 incommodi
914 941 979 976 sed
1005 939 1123 976 ctiam
1153 939 1297 989 aliquid
1328 939 1522 976 commodi
1542 940 1602 988 (ut
1626 937 1747 975 modo

293 999 393 1047 dixi)
415 1006 453 1036 et
483 1000 637 1048 quidem
667 1000 825 1037 multum
857 1000 1050 1037 commodi
1079 1000 1250 1037 attulisse
1279 1001 1573 1044 animadvertes,
1599 999 1628 1036 si
1657 1011 1746 1036 eum

295 1060 607 1109 praecedentibus
636 1061 872 1098 editionibus
903 1060 1091 1106 conferas,
1121 1061 1185 1097 ubi
1214 1061 1416 1098 Nicoclem
1446 1060 1619 1110 sequitur
1650 1058 1748 1096 Eva·

294 1133 400 1170 gorae
422 1122 660 1158 encomium:
691 1128 729 1158 et
750 1121 824 1158 boc
844 1121 916 1157 alia
938 1121 1038 1158 duo:
1071 1134 1190 1171 quum
1206 1121 1268 1158 ille
1290 1121 1412 1158 multo
1432 1121 1559 1171 aptius
1579 1119 1748 1164 Nitenti,

296 1182 418 1218 tertiae
437 1182 600 1219 orationi
621 1182 878 1232 paraeneticae,
910 1181 1070 1220 classem
1101 1195 1246 1228 earum,
1275 1195 1370 1231 quas
1401 1182 1592 1219 suasorias
1615 1187 1747 1228 vocat,

291 1242 553 1291 subjunxerit.
610 1243 687 1279 Sed
719 1256 836 1292 quum
868 1243 919 1280 ibi
948 1244 998 1281 sit
1027 1244 1090 1281 hic
1120 1244 1274 1281 titulus:
1302 1243 1352 1280 ‘H
1382 1243 1528 1293 δευτέρα
1558 1242 1746 1293 συμμορία

293 1301 597 1352 συμβουλευτική·
629 1310 667 1340 et
695 1304 731 1340 in
761 1304 1108 1354 Interpretatione:
1152 1303 1328 1341 Secunda
1350 1304 1489 1340 classis
1511 1304 1747 1342 snas-ionum.

293 1363 426 1414 malui,
451 1364 611 1401 eandem
642 1377 755 1414 quam
785 1366 823 1402 in
853 1365 974 1415 prima
1004 1366 1126 1403 classe
1155 1364 1316 1402 formam
1347 1377 1524 1415 sequens,
1550 1364 1746 1402 scribere:

291 1423 521 1475 ΤῶνἹσοκρ.
537 1428 574 1461 λ.
591 1441 705 1475 συμμ.
723 1426 816 1464 ἒευτ.
831 1427 915 1468 τοὺς
932 1425 1117 1476 συμβουλ.
1135 1428 1371 1476 περιέχουσα.
1420 1425 1640 1463 Praesertim
1656 1438 1748 1462 vero

290 1483 470 1522 Latinum
492 1484 644 1522 titulum
668 1493 816 1524 mutare
837 1499 998 1524 necesse
1020 1486 1104 1532 fuit,
1124 1493 1285 1536 propter
1307 1486 1612 1534 ambiguitatem„
1664 1486 1747 1530 Qui

291 1544 391 1582 enim
412 1546 532 1592 audit,
555 1545 729 1585 Secunda
750 1547 882 1585 classis
899 1549 1133 1592 suasionum,
1156 1548 1305 1585 unicam
1336 1548 1558 1585 suasionum
1583 1548 1745 1585 classem

291 1618 375 1643 esse
406 1619 481 1643 non
511 1614 638 1656 putat.
694 1609 806 1645 Adeo
837 1615 878 1646 ut
906 1609 1043 1645 saltem
1072 1607 1292 1645 addendum
1324 1607 1436 1652 foret,
1455 1620 1544 1658 quae
1567 1612 1640 1653 est,
1665 1608 1745 1646 hoc

290 1667 427 1706 modo:
459 1668 634 1706 Secunda
648 1668 793 1715 classis,
809 1682 896 1719 quae
908 1674 962 1706 est
976 1669 1214 1706 suasionum.
1273 1668 1572 1718 Egoigiturita:
1605 1669 1749 1708 Classis

289 1728 469 1775 secunda,
485 1732 679 1767 orationes
697 1732 894 1768 suasorias
913 1730 1173 1781 complectens
1230 1730 1346 1773 Quod
1368 1730 1399 1767 si
1419 1731 1506 1780 quis
1527 1737 1653 1769 tamen
1671 1744 1745 1769 una

288 1791 501 1840 eademque
514 1792 636 1829 classe
656 1792 1044 1842 comprehendendas
1060 1791 1178 1828 fuisse
1200 1792 1267 1828 has
1286 1792 1493 1837 orationes,
1514 1805 1591 1841 qua
1611 1799 1649 1830 et
1670 1799 1747 1830 tres

289 1851 696 1900 praecedentes,dicat,
708 1865 783 1888 non
799 1851 908 1888 valde
922 1851 1165 1901 repugnabo:
1187 1851 1333 1888 etiamsi
1352 1851 1745 1902 illae(praesertimque

288 1911 377 1947 duae
399 1910 559 1959 priores)
578 1912 690 1948 aliam
711 1911 904 1961 quandam
935 1912 1095 1949 formam
1124 1912 1305 1957 habeant,
1326 1920 1462 1962 utpote
1490 1913 1527 1950 in
1558 1913 1744 1963 quasdam
1778 1934 1783 1939 -

288 1970 391 2008 velut
406 1971 620 2020 particulas
641 1979 773 2017 sectae,
791 1980 830 2009 ut
854 1973 932 2009 fieri
954 1973 1003 2009 ab
1023 1973 1069 2009 iis
1085 1973 1181 2009 solet
1199 1973 1268 2022 qui
1287 1980 1483 2023 praecepta
1500 1973 1678 2012 tradunt:
1705 1981 1747 2013 et

288 2031 339 2068 ita
368 2031 539 2081 denique
565 2032 721 2082 scriptae
753 2040 794 2069 ut
824 2033 1001 2083 epistolae
1032 2033 1161 2082 potius
1191 2046 1308 2082 quam
1336 2034 1529 2071 orationes
1558 2034 1744 2073 vocandae

287 2091 502 2129 videantur.
535 2092 679 2129 Tertiae
696 2092 809 2130 classi
823 2106 940 2143 quum
961 2093 1096 2130 titulus
1116 2094 1176 2130 hic
1197 2094 1310 2131 datus
1330 2101 1452 2132 esset:
1477 2095 1528 2132 ‘H
1543 2098 1645 2146 τρίτη
1657 2111 1747 2147 συμ-

286 2155 398 2202 μορία
416 2153 700 2203 ἐγκωμιαστικὴ·
723 2161 760 2191 et
790 2153 827 2191 in
859 2154 992 2191 Latina
1011 2155 1348 2204 interpretatione:
1383 2155 1514 2193 Tertia
1532 2155 1667 2195 classis
1684 2169 1745 2194 ex-

287 2213 534 2250 ornatiomtm
561 2214 642 2261 (ubi
671 2214 806 2252 eadem
836 2228 925 2265 quae
956 2215 993 2252 in
1023 2215 1274 2265 praecedente
1303 2223 1360 2254 est
1388 2217 1647 2267 ambiguitas).
1670 2230 1743 2268 ego

288 2273 377 2310 milti
398 2275 552 2323 permisi
574 2275 624 2312 ita
646 2276 882 2314 inscribere:
913 2277 1104 2328 Συμμορία
1123 2282 1241 2327 τρίτη,
1258 2279 1344 2321 τοὺς
1363 2278 1618 2322 ἐπιδεικτικοὺς
1637 2282 1660 2326 ἢ
1678 2281 1744 2329 ἐγ-

284 2334 550 2382 xoptatum-0239
576 2337 714 2383 λόγους
742 2339 979 2391 περιέχουσα·
1009 2338 1045 2374 in
1077 2339 1210 2375 Latina
1239 2345 1366 2376 autem
1401 2339 1741 2389 interpretatione:

289 2394 431 2433 Classis
450 2397 583 2441 tertia,
598 2398 794 2434 orationes
813 2398 1062 2448 complectens
1075 2411 1162 2449 quae
1176 2404 1267 2436 sant
1281 2400 1437 2450 generis
1450 2400 1741 2440 demonstrativi

285 2457 361 2494 sive
379 2457 652 2503 encomiastici,
674 2458 719 2496 id
735 2464 805 2503 est,
823 2472 897 2510 quo
916 2461 1084 2498 encomia
1104 2460 1344 2499 scribuntur.
1399 2462 1495 2499 Ideo
1515 2470 1642 2501 autem
1664 2465 1740 2501 ἐπι-

286 2517 478 2560 δεικτικοὺς
498 2520 706 2568 praeposui,
722 2520 825 2569 quod
849 2520 938 2557 mihi
959 2521 1071 2558 latius
1092 2533 1209 2569 qnam
1230 2523 1349 2558 altera
1366 2535 1439 2558 vox
1459 2530 1593 2572 patere
1610 2524 1739 2561 videa-

285 2584 360 2616 tur.
419 2578 603 2621 Quamvis
624 2587 751 2616 autem
771 2582 925 2630 generis
943 2581 1236 2619 demonstrativi
1263 2581 1442 2626 dixerim,
1461 2582 1587 2621 fateor
1608 2597 1738 2623 assen-

284 2637 346 2675 tiri
370 2651 428 2675 me
456 2651 532 2676 non
564 2652 677 2687 posse
708 2640 751 2676 iis
772 2640 837 2690 qui
857 2633 1088 2680 ἐπιδειὲτικόν
1115 2641 1222 2687 εἶδος,
1243 2642 1578 2682 demonstrativum
1599 2658 1741 2695 genus,

284 2698 494 2749 itidemque
514 2700 770 2744 ἐπιδεικτικοὺς
789 2703 928 2750 λόγους
947 2710 1087 2741 vocant
1107 2702 1429 2742 demonstrativas
1448 2706 1642 2743 orationes·
1670 2711 1740 2754 (et-

283 2759 390 2797 iamsi
422 2762 664 2810 quorundam
691 2769 862 2800 veterum
892 2765 1127 2814 scriptorum
1149 2765 1383 2803 auctoritate
1409 2766 1478 2804 niti
1507 2779 1548 2803 se
1575 2767 1735 2816 dicant),

283 2833 400 2870 quum
442 2820 545 2860 istud
567 2823 718 2860 verbale
740 2823 814 2861 hoc
836 2825 872 2862 in
894 2825 983 2863 loco
1001 2839 1083 2864 eam
1113 2835 1300 2878 sequatur
1325 2828 1431 2865 verbi
1459 2828 1735 2870 ἐπιδείκνυσθαι

282 2881 614 2932 significationem,
628 2898 704 2935 qua
725 2884 774 2923 de
795 2885 838 2924 iis
858 2886 1004 2924 dicitur
1022 2888 1263 2939 quialiquod
1284 2889 1469 2940 scriptum
1489 2889 1538 2928 ad
1554 2903 1597 2928 se
1608 2898 1736 2930 osten·

282 2943 417 2982 landos
435 2944 554 2983 edunt
570 2959 580 2984 :
611 2946 778 2996 ideoque
794 2947 1022 2987 ἑπιδεικτικοὶ
1040 2952 1149 2998 λόγοι
1170 2950 1257 3000 (qui
1279 2957 1320 2988 et
1345 2951 1438 3000 πρὸς
1462 2954 1530 2994 τὰς
1549 2952 1736 3000 ἐπιδείξεις
