1924 3314
496 205 562 246 IN
575 248 581 252 ,
596 205 956 247 ISOCRATEM
990 204 1321 247 DIATRIBAE.
1584 206 1636 245 27

172 315 313 354 sed-ibi
333 317 418 367 ejus
437 317 684 359 incommoda
695 320 800 358 nolle
817 333 858 357 se
878 319 1123 358 dissimulare
1143 320 1331 366 ostendit,
1350 320 1526 370 quamvis
1543 319 1637 358 alibi

170 377 295 425 (quod
317 377 450 427 sciam)
477 379 632 417 minime
665 380 715 418 de
742 380 806 417 illa
835 385 1113 428 conqueratur.
1171 381 1315 431 Incipit
1338 387 1467 419 autem
1489 380 1538 419 ab
1560 380 1634 418 illis

171 450 262 488 quae
294 439 403 476 senio
440 439 558 478 tribui
583 442 709 479 solent
730 440 928 490 epithetis,
960 440 1133 479 scribens
1165 445 1197 488 ξ.
1216 441 1258 478 δ’.
1278 444 1365 479 ἀλλ’
1395 443 1489 480 οὕτω
1513 457 1575 492 μοι
1596 442 1637 479 τὸ

173 500 297 551 ’γῆράς
316 501 393 540 ἐστι
414 502 640 553 δυσάρεστον
661 504 721 540 καὶ
742 504 968 554 μικρολόγον
987 504 1046 540 καὶ
1065 504 1330 555 μεμψίμοιρον.
1353 510 1393 542 et
1413 502 1637 552 subjungit:

173 563 264 603 ὥςτε
277 565 467 607 ’πολλάκις
482 564 549 611 ἤδη
569 567 635 610 τὴν
653 563 722 615 μὲν
738 563 848 615 φύσιν
869 566 936 610 τὴν
954 564 1113 614 ἐμαυτοῦ
1133 564 1442 616 κατεμεμψάμην,
1459 564 1502 610 ἧς
1522 563 1638 606 officie

173 621 293 667 ἄλλος
312 628 622 677 καταπεφρόνηκε,
641 628 702 666 καὶ
730 628 798 672 τὴν
817 629 935 677 τύχην
954 625 1162 677 ὠόυράμην.
1220 625 1378 676 Alioqui
1398 632 1503 663 certe
1522 625 1640 662 multa

171 681 222 723 de
247 696 314 722 sua
334 686 533 735 praeterita
552 687 629 724 vita
661 693 952 732 commemorat,
986 700 1074 736 quae
1101 686 1256 725 felicem
1283 687 1388 724 illam
1422 686 1639 724 reddidisse

172 743 253 782 dici
289 753 483 796 poterant.
559 748 652 799 Ego
687 749 788 786 enim
815 748 973 799 (inquit)
1001 762 1043 785 ea
1071 747 1169 785 bona
1200 749 1365 785 maxima
1400 751 1638 791 consecutus,

171 806 314 855 quibus
331 820 369 845 se
383 808 578 857 praedt'tos
596 822 684 854 esse,
712 809 890 846 omnibus
908 809 964 845 sit
989 808 1171 857 optabile,
1192 821 1235 845 uc
1256 810 1429 859 primum
1451 814 1493 845 ut
1521 821 1638 846 sanus

170 870 208 902 et
227 879 384 916 corpore
399 872 438 904 et
458 872 582 905 mente
602 880 718 905 essem
738 870 832 914 (nec
847 873 1054 918 utcunque,
1076 868 1121 906 id
1137 867 1305 918 quide-m,
1328 868 1395 905 sed
1412 869 1470 905 ita
1489 873 1533 905 ut
1554 881 1638 906 cum

170 925 429 965 illis-certam
441 941 592 977 possem
611 930 679 978 qui
698 929 751 966 ad
769 941 955 964 summam
969 930 1073 966 circa
1094 929 1231 966 horum
1250 928 1637 979 utrumqueselicita-

171 991 248 1025 tem
259 993 565 1037 pervenerunt),
585 988 724 1027 deinde
739 1001 871 1026 earum
889 1001 985 1039 quas
1004 989 1085 1026 vita
1098 989 1279 1038 postulat
1286 989 1529 1039 facultatum
1551 994 1638 1026 tcm-

170 1053 267 1096 tum,
286 1054 331 1087 ut
345 1062 545 1101 nunquam
564 1050 647 1088 ulla
668 1064 707 1088 re
727 1051 919 1089 caruerim
941 1062 986 1086 ex
1015 1050 1066 1087 iis
1083 1062 1171 1100 quae
1204 1051 1315 1087 intra
1334 1049 1638 1088 mediocritatem

172 1112 408 1159 consistunt,
426 1124 543 1162 neque
557 1125 655 1162 quas
667 1111 771 1150 ullus
787 1113 856 1162 qui
867 1111 1085 1161 prudentia
1094 1111 1296 1162 praeditus
1308 1113 1361 1148 sit
1376 1113 1637 1161 concupiscat.

170 1172 324 1211 Caetera
344 1174 415 1211 tibi
435 1173 542 1224 apud
562 1187 652 1212 eum
672 1173 836 1224 legenda
857 1173 1057 1223 relinquo:
1088 1173 1232 1222 quibus
1249 1186 1332 1209 eam
1354 1186 1470 1223 quam
1488 1173 1568 1210 dixi
1588 1173 1637 1211 de

171 1246 240 1272 sua
272 1241 473 1273 senectute
503 1235 784 1285 querimoniam
818 1233 1036 1284 subjungit.
1092 1234 1234 1282 Neque
1257 1247 1348 1271 vero
1377 1234 1464 1271 haec
1486 1240 1635 1272 tantum

169 1294 275 1345 apud
295 1309 381 1333 eum
396 1296 500 1347 legas
517 1297 642 1342 velim,
665 1304 703 1334 et
719 1296 914 1342 observeS,
937 1308 1027 1333 cum
1043 1295 1116 1333 hac
1137 1295 1175 1332 in
1192 1296 1367 1333 oratione
1383 1302 1464 1333 tum
1480 1296 1517 1333 in
1538 1296 1636 1334 aliis.

172 1356 270 1395 Inde
289 1358 392 1395 enim
413 1358 533 1396 multa
552 1358 601 1396 de
623 1358 693 1396 viri
712 1358 812 1396 tanti
831 1357 922 1403 vita,
943 1369 1032 1407 quae
1047 1356 1207 1408 cognitu
1227 1357 1450 1408 dignissima
1472 1364 1572 1405 sunt,
1590 1358 1637 1396 iis

165 1430 258 1468 quae
277 1432 297 1457 a
321 1420 510 1471 Dionysio
530 1421 675 1471 scripta
696 1427 787 1458 sunt
808 1419 929 1468 adjici
950 1425 1147 1469 poterunt.

683 1752 1040 1795 DIATRIBE
1079 1752 1134 1792 V.

210 1853 278 1894 (1.)
302 1853 430 1883 Politica
447 1853 584 1891 quaedam
611 1852 773 1888 Isocratis,
796 1862 864 1891 quae
889 1853 1053 1881 observatu
1075 1861 1141 1890 prae
1162 1850 1232 1880 aliis
1257 1850 1348 1889 digna
1365 1848 1518 1877 videntur.
1570 1848 1637 1889 (2.)

175 1903 286 1935 Ethica
297 1903 435 1943 quaedam
454 1903 605 1941 ejusdem,
621 1913 688 1942 quae
702 1903 807 1932 itidem
825 1904 993 1932 observatu
1007 1912 1070 1940 prae
1086 1901 1155 1930 aliis
1170 1900 1264 1939 digna
1280 1899 1379 1929 videri
1392 1902 1531 1937 possunt.

225 1982 299 2028 (1.)
314 1979 528 2017 Maximam
540 1977 659 2016 fuisse
673 1977 936 2028 cognitionem
954 1976 1118 2014 Isocrati
1134 1975 1303 2025 politicae
1316 1973 1488 2011 scientiae
1502 1975 1635 2023 (quam

176 2041 259 2091 ipse
275 2041 389 2079 nobis
403 2041 646 2090 permitteret
664 2040 860 2090 politicam
879 2038 1165 2089 philosophiam
1182 2036 1394 2086 appellare)
1406 2035 1637 2072 existimavit

176 2102 389 2154 Dionysius
413 2102 746 2147 Halicarnasseus,
770 2108 811 2139 ut
841 2114 887 2138 ex
918 2099 1070 2150 aliquot
1100 2099 1186 2148 ejus
1217 2098 1315 2135 locis
1339 2096 1522 2147 colligere
1548 2109 1636 2146 pos-

173 2177 320 2202 sumuS.
376 2165 484 2202 Inter
502 2163 589 2201 illos
609 2170 737 2201 autern
759 2163 981 2213 praecipuus
999 2168 1060 2199 est
1078 2161 1154 2206 ille,
1177 2160 1245 2197 ubi
1265 2165 1401 2197 auctor
1420 2164 1481 2195 est
1499 2157 1545 2194 iis
1567 2158 1635 2208 qui

171 2225 268 2263 dant
284 2238 442 2276 operam
463 2232 505 2263 ut
524 2237 607 2263 eam
626 2224 825 2262 scientiam
843 2237 910 2261 seu
929 2223 1154 2261 facultatem
1171 2225 1306 2268 (vocat
1321 2220 1424 2257 enim
1438 2221 1633 2265 πολιτικὴν

170 2287 350 2338 δύναμιν)
369 2287 443 2324 sibi
461 2293 702 2337 comparent,
724 2293 764 2324 et
791 2285 947 2336 quidem
974 2298 1051 2322 non
1076 2284 1246 2333 aliquam
1267 2282 1354 2331 ejus
1379 2279 1543 2332 partem,
1564 2281 1632 2319 sed

174 2349 407 2394 universam,
437 2349 537 2386 hunc
565 2349 794 2399 scriptorem
826 2360 977 2397 semper
1007 2347 1045 2383 in
1081 2345 1259 2383 manibus
1287 2344 1470 2381 habeant.
1528 2343 1631 2380 Puto

168 2410 274 2448 enim
307 2410 442 2448 deesse
475 2412 531 2447 ἀεὶ
561 2417 652 2447 ante
675 2410 733 2447 vel
766 2415 855 2460 post
884 2408 1000 2459 ἔχειν.
1058 2406 1206 2444 Scribit
1237 2412 1366 2443 autem
1401 2403 1516 2442 initio
1545 2404 1632 2441 vitae

169 2472 295 2522 ipsius
314 2471 498 2510 Isocratis
517 2471 634 2510 fuisse
654 2471 821 2521 primum
843 2470 912 2520 qui
932 2482 973 2506 se
994 2468 1205 2506 contulerit
1224 2467 1273 2506 ad
1297 2467 1397 2504 hanc
1418 2464 1633 2511 seientiam,

168 2538 210 2571 et
227 2531 312 2575 τούς
327 2533 531 2584 ἐριστικοὺς
551 2545 596 2570 ac
616 2531 790 2584 φυσικούς
809 2534 952 2580 λόγους
974 2529 1211 2580 relinquens,
1227 2530 1314 2573 τοὺς
1332 2528 1544 2570 πολιτικοὺς
1559 2540 1636 2565 am-

168 2594 310 2645 plexus
327 2595 388 2631 sit.
406 2594 464 2631 Ex
482 2594 555 2631 hac
568 2601 696 2631 autem
713 2593 872 2631 scientia
893 2592 1082 2641 consequi
1097 2591 1266 2642 aliquem
1284 2588 1630 2641 (quemadmodum

169 2657 257 2707 ipse
278 2657 473 2694 Isocrates
490 2656 644 2703 scribit)
660 2662 703 2693 ut
720 2655 844 2705 possit
859 2661 897 2692 et
913 2654 1129 2692 deliberare
1145 2659 1184 2691 et
1202 2653 1348 2703 alloqui
1363 2658 1400 2689 et
1416 2660 1530 2701 agere
1546 2663 1634 2700 quae

168 2723 263 2755 >sunt
284 2717 405 2754 utilia.
436 2717 524 2755 Hoc
545 2722 674 2754 autem
692 2723 731 2754 et
748 2715 935 2753 Periclem
953 2714 1026 2752 sibi
1042 2714 1148 2765 apud
1167 2712 1441 2764 Thucydidem
1463 2711 1632 2749 tribuere

168 2778 327 2824 scimus,
347 2791 469 2829 quum
499 2778 621 2816 dicit:
649 2779 690 2820 ὃς
719 2777 868 2819 οὐδενὸς
896 2778 1022 2828 οἴομαι
1054 2780 1183 2822 ἥσσων
1212 2774 1309 2814 εἶναι
1334 2779 1482 2824 γνῶναί
1514 2790 1552 2812 τε
1588 2777 1630 2812 τὰ

172 2839 307 2878 δέοντα,
333 2842 391 2878 καὶ
415 2839 642 2890 ἑρμηνεῦσαι
661 2845 789 2877 ταῦτα.
817 2852 864 2876 ac
898 2838 1058 2888 perinde
1086 2851 1172 2876 esse
1201 2851 1248 2877 ac
1279 2837 1309 2874 si
1342 2851 1381 2874 se
1410 2836 1504 2874 nulli
1530 2836 1566 2872 in
1588 2834 1633 2871 iis

172 2913 264 2951 quae
279 2900 328 2939 ad
349 2901 547 2951 politicam
563 2901 762 2939 scientiam
780 2899 990 2950 pertinent,
1005 2899 1146 2938 cedere
1162 2899 1330 2937 diceret.
1360 2898 1485 2935 Vocat
1504 2902 1631 2933 autem

171 2974 249 3000 non
270 2962 394 3000 solum
414 2965 482 3008 τὴν
502 2964 696 3007 πολιτικὴν
714 2962 937 3012 ἐπιστήμην,
957 2961 1025 3000 sed
1042 2960 1161 2999 etlam
1182 2964 1250 3006 τὴν
1269 2962 1466 3004 πολιτικὴν
1483 2963 1632 3008 φιλοσο-
