1924 3314
261 185 318 229 46
800 190 854 232 H.
887 189 1187 232 STEPHANI

264 315 351 340 nem
373 309 411 341 et
432 304 592 342 Suidam
612 304 699 355 (nisi
715 305 847 356 potius
868 304 1190 355 Harpocrationis
1211 310 1359 342 tantum
1377 303 1524 342 mentio
1540 301 1722 340 t’acienda

263 372 335 411 est,
354 379 471 415 quum
493 365 651 404 Suidam
672 380 719 404 ex
736 366 800 405 illo
818 374 1031 405 mutuatum
1054 379 1135 404 esse
1156 367 1217 403 vix
1239 366 1443 416 quisquam
1466 367 1595 415 neget)
1616 364 1719 402 hunc

262 426 417 475 quidem
439 427 476 463 in
505 440 598 464 voce
620 428 925 480 φορτικωτάτους,
946 428 1050 465 11111111
1073 433 1200 465 autem
1223 426 1260 464 in
1281 427 1473 464 vocabulo
1494 424 1720 478 φορτικωτά-

262 503 339 532 του,
359 486 406 524 ad
429 487 522 525 illud
540 488 672 535 ἀηδίας
690 490 932 539 respexisse:
962 489 1121 540 perinde
1139 502 1184 526 ac
1206 488 1236 525 si
1255 490 1276 533 ἡ
1297 487 1409 534 ἀηέία
1425 495 1461 525 et
1477 488 1518 526 τὸ
1535 486 1720 539 φορτικὸν,

261 555 329 586 aut
349 548 462 587 etiam
483 550 522 588 τὸ
543 556 821 602 φορτικώτατον,
849 552 949 589 idem
972 558 1166 589 sonarent.
1223 551 1383 594 Verum,
1407 551 1578 599 quamvis
1599 548 1719 600 paulo

261 615 348 646 ante
368 610 658 661 ἐλαφροτάτους,
676 611 775 648 sicut
791 617 829 648 et
843 610 1127 661 μετριωτάτους,
1150 610 1371 661 scripserim
1393 610 1430 647 in
1452 610 1517 647 illo
1533 609 1718 647 Isocratis

262 670 364 716 loco,
391 676 572 720 tanquam
594 678 632 708 et
659 671 696 708 in
726 671 798 708 hac
820 684 902 708 mea
931 671 1105 708 editione
1134 671 1187 708 ita
1218 669 1420 719 legeretur,
1451 683 1552 708 nunc
1583 677 1719 708 contra

262 730 399 776 fateor,
420 731 456 768 in
487 744 546 776 ea,
576 732 676 769 sicut
698 732 734 769 iu
756 732 901 770 Aldina
927 739 965 770 et
986 731 1081 778 aliis,
1110 732 1377 784 ἐλαφροτέρους
1398 732 1498 769 male
1530 731 1720 781 scriptum

260 805 360 838 esse,
396 806 442 831 ac
472 793 744 846 ἐλαφροτάτους
782 808 827 832 ex
861 794 936 832 isto
971 795 1294 844 Harpocrationis
1332 795 1420 832 1000
1452 792 1719 848 reponendum

260 867 370 891 esse:
404 854 569 901 etiamsi,
605 855 665 892 vel
692 868 740 892 eo
771 861 938 901 tacente,
974 855 1144 906 aliquem
1173 856 1272 894 hanc
1304 855 1617 894 emendationem
1646 853 1720 892 sibi

260 915 483 966 permittere
505 916 677 966 potuisse
698 917 925 956 existimem.

311 977 625 1016 EHIOETOYZ
643 977 786 1028 ἑορτάς,
807 978 1022 1030 Ἰσοκράτης
1041 980 1344 1030 Ἀρεοπαγιτικῷ.
1365 981 1435 1021 τοῖς
1453 980 1503 1028 μὴ
1525 980 1719 1028 πατρίους,

258 1038 385 1081 ἄλλως
406 1038 445 1076 δὲ
464 1038 792 1089 ἐπιψηφισθείσας,
811 1040 1002 1084 ἐπιθέτους
1019 1040 1192 1079 ἐκάλουν.
1223 1041 1292 1078 HA
1302 1047 1539 1077 RPOCRAT.

314 1099 624 1138 ΕΠΙΘΕΤΟΥΣ
643 1101 774 1152 ἑορτάς
799 1102 978 1152 (perinde
999 1115 1045 1140 ac
1065 1103 1095 1139 si
1117 1102 1204 1152 quis
1226 1101 1355 1138 dicat:
1386 1098 1720 1151 acijectitiasesta,

259 1162 337 1199 sive
364 1160 592 1211 adscitum),
619 1175 706 1213 quae
733 1164 883 1213 petrice
912 1176 990 1201 non
1019 1168 1146 1213 erunt,
1175 1162 1243 1200 sed
1267 1161 1346 1200 alia
1366 1162 1410 1201 de
1430 1174 1547 1200 causa
1566 1160 1719 1200 decreti>

258 1223 500 1273 approbatoe,
530 1222 724 1267 ἐπιθέτους
752 1224 1017 1275 appellabant.
1075 1225 1204 1262 Locus
1233 1223 1418 1261 Isocratis
1449 1229 1574 1260 exstat
1602 1225 1635 1270 ξ.
1654 1218 1717 1260 ια’.

259 1284 340 1322 οὐδὲ
356 1288 425 1328 τάς
444 1286 513 1335 μὲν
527 1285 714 1329 ἐπιθέτους
733 1286 878 1337 ἑορτάς,
895 1286 957 1330 αἶς
976 1287 1146 1329 ἑστίασίς
1167 1303 1223 1329 τις
1243 1289 1407 1335 προσείη,
1423 1288 1718 1336 μεγαλοπρεπῶς

258 1344 366 1394 ἦγον,
387 1346 426 1383 ἐν
446 1346 485 1384 δὲ
505 1351 580 1390 τοῖς
611 1348 836 1395 ἁγιωτάτοις
864 1356 936 1387 τῶν
958 1349 1060 1398 ἱερῶν
1086 1349 1160 1386 ἀπὸ
1181 1347 1438 1399 μισθωμάτων
1459 1349 1580 1385 ἔθυον.
1639 1346 1720 1384 Ubi

261 1413 388 1445 tamen
421 1408 610 1458 interpres
632 1411 867 1461 peregrinas
883 1410 1013 1461 ferias
1036 1411 1161 1454 vertit,
1187 1422 1261 1446 non
1290 1408 1530 1459 adjectitia-9,
1552 1415 1617 1446 aut
1646 1406 1717 1446 ad-

257 1469 439 1513 scititias,
476 1470 533 1506 vel
559 1469 801 1516 αᾶυεοίἱίίαε,
824 1471 883 1509 vel
911 1471 1165 1509 adventitias.-
1209 1483 1373 1521 quorum
1398 1482 1644 1520 unoquoque,
1670 1481 1716 1506 ac

258 1530 472 1580 praesertim
502 1530 654 1569 illorum
687 1532 873 1582 priorum,
906 1533 982 1570 vim
1003 1532 1184 1570 vocabuli
1204 1539 1242 1570 et
1263 1532 1447 1580 originem
1471 1531 1716 1568 ostendisset.

258 1591 450 1629 Caeterum
479 1591 528 1629 ad
564 1593 845 1643 expositionem
881 1594 1203 1645 Harpocrationis
1236 1594 1338 1640 quod
1371 1593 1525 1638 attinet,
1557 1592 1593 1629 in
1625 1605 1715 1643 qua,

256 1651 357 1689 inter
385 1659 539 1698 caetera,
563 1658 633 1697 τιίς
660 1657 710 1706 μὴ
741 1659 916 1706 πατρίους
937 1669 1020 1693 esse
1049 1655 1162 1701 dicit,
1183 1654 1380 1693 sciendum
1414 1660 1486 1699 est,
1507 1653 1613 1704 apud
1635 1654 1719 1692 Iso-

255 1719 412 1759 cratem,
435 1715 607 1764 proxime
629 1717 867 1765 praecedere,
887 1720 955 1760 τὰς
968 1721 1145 1767 πατρίους
1165 1715 1303 1759 θυσίας
1323 1716 1523 1762 ἐξέλειπον.
1546 1715 1596 1752 ita
1613 1716 1715 1753 enim

257 1774 504 1811 scribendum
527 1782 598 1819 est,
622 1789 700 1813 non
721 1777 902 1822 ἐξέλιπον.

307 1835 792 1881 ΕΠΙΣΗΜΑΙΝΕΣΘΑΙ,
823 1841 908 1875 ἀντὶ
941 1843 1004 1875 τοῦ
1034 1840 1214 1884 ἐπαινεῖν,
1245 1842 1318 1885 καὶ,
1342 1843 1391 1882 ὡς
1411 1839 1451 1876 ἐν
1470 1842 1514 1887 τῇ
1536 1838 1716 1891 συνηθείᾳ

251 1897 414 1946 λέγομεν
435 1897 640 1947 ἐπιφωνεῖν.
667 1897 881 1948 Ἰσοκράτης
903 1898 1195 1951 Παναθηναϊκῷ.
1229 1901 1543 1937 HARPOCRAT.

308 1957 804 2005 ΕΠΙΣΗΜΑῙΝΕΣΘΑΙ,
826 1959 872 1998 id
892 1964 961 2007 est,
982 1959 1179 2005 Laudare,
1194 1966 1306 2011 atque
1324 1963 1383 2009 (ut
1403 1966 1584 1999 consueto
1604 1960 1715 1999 nobis

251 2031 419 2058 sermone
434 2019 601 2068 dicitur)
613 2020 1136 2072 ἐπιφωνεῖν.1.ςοον.ΡαηαίΙι.
1161 2023 1288 2060 Locus
1301 2023 1484 2061 Isocratis
1499 2029 1558 2061 est
1575 2023 1612 2060 in
1626 2022 1712 2073 ipso

255 2080 530 2119 Panathenalci
553 2081 744 2132 principio
769 2086 800 2130 ξ.
820 2083 866 2120 α’.
887 2083 946 2120 καὶ
968 2085 1053 2127 τοὺς
1074 2084 1279 2128 ἀκούοντας
1312 2083 1630 2132 ἐπισημαίνεσθαι
1651 2087 1710 2122 καὶ

255 2142 429 2193 θορυβεῖν
450 2146 757 2195 ἀναγκαζουσῷν.
816 2145 894 2183 Ubi
917 2145 1083 2183 observa
1103 2146 1217 2184 etiam
1241 2144 1420 2197 θορυβεῖν
1442 2145 1578 2183 eadem
1602 2145 1650 2183 de
1672 2159 1713 2184 re

255 2204 419 2243 dictum⁴
451 2206 533 2243 Nisi
566 2206 666 2244 forte
698 2206 928 2259 ἐπιθορυβεῖν
955 2208 1086 2258 potius
1116 2208 1319 2258 scripsisse
1339 2207 1620 2246 existimandus
1642 2214 1715 2255 est,

256 2268 361 2318 quod
384 2280 487 2317 saepe
509 2267 732 2316 hujusmodi
754 2270 852 2307 locis
873 2269 1092 2307 adhibetur.
1132 2270 1275 2307 Verum
1293 2277 1329 2308 et
1352 2270 1515 2320 simplex
1536 2269 1715 2322 θορυβεῖν

256 2330 329 2367 hac
348 2329 397 2367 de
418 2343 457 2367 re
479 2329 626 2367 dictum
646 2330 681 2367 in
704 2331 778 2368 alio
799 2331 973 2381 ejusdem
993 2332 1180 2369 orationis
1199 2332 1286 2370 1000
1307 2333 1472 2382 legitur:
1504 2339 1542 2370 et
1558 2332 1712 2382 quidem

256 2391 306 2428 ab
333 2391 420 2441 ipso
454 2391 625 2443 Isocrate
656 2393 906 2442 explicatum.
965 2393 1066 2431 Nam
1102 2394 1187 2431 haec
1222 2400 1314 2431 sunt
1345 2392 1430 2442 ejus
1450 2393 1582 2439 verba,
1609 2394 1715 2432 circa

256 2453 371 2491 finem
394 2453 569 2503 ejusdem
594 2454 794 2493 orationis.
817 2459 848 2503 ξ.
872 2455 1050 2494 videlicet
1069 2456 1141 2507 py'.
1163 2455 1375 2495 habemus:
1414 2458 1514 2494 ταῦτ’
1546 2458 1716 2501 εἰπόντος

256 2517 380 2561 αὐτοῦ,
402 2518 461 2552 καὶ
488 2512 573 2559 τοὺς
593 2518 780 2567 παρόντας
810 2519 1038 2564 ἀξιώσαντος
1057 2517 1332 2570 ἀποφήνασθαι
1352 2520 1432 2570 περὶ
1459 2515 1512 2556 ὦν
1532 2521 1716 2568 παρεκλή·

250 2576 396 2624 θησαν,
419 2580 482 2615 οὒκ
501 2577 742 2628 ἐθορύβησαν
760 2580 796 2628 (ὃ
817 2586 936 2618 ποιεῖν
955 2579 1108 2618 εἰώθασι
1129 2586 1221 2619 πᾶσι
1236 2586 1315 2624 τοῖς
1334 2581 1539 2633 χαριέντως
1559 2579 1716 2630 διειλεγ·

255 2641 410 2690 μένοις)·
434 2641 519 2676 ἀλλ’
537 2639 764 2687 ἀνεβόησαν,
785 2644 832 2684 ὡς
852 2641 1171 2693 ὑπερβαλλόντως
1191 2644 1389 2693 εἰρηκότος.

310 2700 684 2746 ΕΠΙΣΤΑΘΜΟΣ,
706 2702 919 2753 Ἰσοκράτης
939 2704 1199 2757 Πανηγυρικῷ·
1222 2706 1455 2756 Ἑκάτομνος
1476 2703 1504 2741 δ’
1526 2705 1545 2741 ὁ
1569 2703 1719 2754 Καρίας

255 2761 501 2813 ἐπίσταθμος.
522 2761 599 2805 “Oc
625 2762 728 2801 οὐδὲν
759 2763 880 2816 ἕτερον
906 2764 965 2813 ἦν,
986 2767 1009 2812 ἢ
1039 2769 1131 2805 κατὰ
1163 2767 1396 2817 σατραπείαν
1418 2765 1571 2817 Καρίας
1597 2769 1716 2817 κύριος

255 2826 431 2876 ὑπῆρχεν.
464 2824 779 2863 HARPOCRAT.

310 2886 672 2941 ΕΠΙΣΤΑΘΜΟΣ,
694 2886 880 2926 Isocrates
899 2890 1073 2928 oratione
1098 2889 1375 2940 Panegyrico:
1406 2888 1630 2939 Ἐκάτομνος
1651 2888 1680 2926 δ’
1700 2890 1719 2926 ὁ

257 2952 405 2999 Καρίας
436 2948 682 3000 ἐπίσταθμος.
734 2950 851 2995 Quod
869 2950 973 2989 nillil
999 2951 1112 2990 aliud
1140 2955 1196 2990 est
1221 2963 1350 3002 quarn,
1372 2953 1465 2990 κατὰ
1487 2953 1717 2999 σατραπείαν
