1914 3314
163 928 236 967 Pag.

187 972 236 1001 ed.

166 1014 236 1044 Cor.

157 1060 236 1095 232

939 556 1015 599 IB.

684 673 1265 722 ΙΣΟΚΡΑΤΟΥΣ

474 803 957 852 ΠΑΝΑΘΗ

999 804 1474 852 ΝΑΙΚΟΣ.

908 952 1033 960 -..-.

1710 930 1788 969 Pag.

1709 973 1760 1003 ed.

1708 1016 1753 1045 H.
1761 1015 1868 1054 Steph.
1911 1011 1914 1020 '

327 1042 385 1096 α’.
427 1054 782 1098 ΝΕΩΤΕΡΟΣ
802 1044 879 1115 μὲν
899 1045 954 1097 ὠν
971 1044 1226 1137 προῃρούμην
1246 1043 1427 1138 ’γραφειν
1447 1069 1531 1097 των
1548 1043 1692 1114 λόγων
1709 1060 1786 1095 232

254 1141 299 1170 OU
337 1142 436 1177 Toug
472 1116 693 1189 μυθωὸεός
730 1116 819 1172 00δέ
863 1144 964 1179 Τους
1003 1143 1238 1194 Τερατέιας
1276 1143 1355 1172 καί

295 1223 713 1266 SUMMARlUt1.(a'.)
771 1224 955 1254 Prooemium.

252 1267 352 1304 Quum
365 1267 465 1304 junior
480 1278 588 1301 essem,
604 1267 755 1296 orationes
770 1276 864 1303 meas,
879 1278 955 1306 prae-

253 1309 341 1347 cipue
357 1310 396 1338 de
411 1309 537 1348 iis‚quae
553 1315 615 1339 tum
632 1309 859 1339 Atheniensium
877 1309 954 1338 civi-

253 1351 309 1381 tati
333 1356 394 1381 tum
419 1353 535 1382 Graecis
561 1352 592 1381 in
617 1352 789 1381 universum
813 1351 955 1381 salutaria

253 1398 366 1430 essent,
385 1396 524 1433 scriptas,
544 1394 647 1424 multis
667 1394 826 1424 rhetoricis
851 1394 953 1431 figuris

252 1437 376 1474 ornavi;
398 1439 451 1467 sed
468 1437 615 1475 ejusmodi
630 1441 803 1466 ornamenta
822 1446 954 1474 nonage-

252 1479 336 1509 nario
348 1480 419 1509 mihi
436 1490 493 1509 non
506 1479 699 1514 conveniunt,
710 1478 885 1517 simplicitas
900 1489 953 1517 po-

253 1521 326 1558 tius,
343 1531 409 1560 quae
426 1522 545 1552 imitatu
560 1522 701 1551 facillima
718 1522 866 1556 videatur,
883 1522 952 1551 huic

252 1565 333 1594 aetati
349 1570 419 1602 apta
435 1570 490 1600 est,
506 1565 638 1602 ideoque
661 1565 791 1593 lectores
812 1573 899 1602 rogo,
915 1574 953 1593 ne

252 1617 340 1646 quem
366 1608 395 1636 in
422 1607 628 1645 superioribus
654 1611 803 1641 ornatum,
825 1607 951 1636 eundem

252 1650 281 1678 in
304 1650 360 1678 hac
381 1651 515 1679 oratione
537 1654 682 1688 quaeraut,
699 1649 750 1678 sed
766 1649 868 1688 potius
889 1659 952 1679 rem

252 1691 361 1730 ipsam,
376 1702 463 1730 quam
483 1692 555 1721 mihi
576 1691 734 1732 proposui,
749 1691 951 1721 considerent.

253 1732 327 1775 (β’.)
364 1735 520 1764 Disseram
549 1745 621 1764 vero
651 1736 689 1764 de
721 1734 951 1765 Atheniensium

251 1779 340 1806 rebus
361 1778 457 1816 gestis
477 1782 706 1816 nostrorumque
727 1779 871 1816 majorum
892 1777 951 1806 vir—

250 1819 379 1850 tutibus.
398 1819 466 1861 (γ’.)
483 1821 541 1850 Sed
553 1824 584 1850 ut
596 1820 800 1860 improborum
811 1830 951 1859 quorum-

250 1863 318 1892 dam
349 1869 379 1892 et
409 1864 604 1893 obscurorum
633 1863 853 1903 sophistarum,
874 1873 950 1902 quos

244 1905 371 1935 >minime
378 1906 455 1942 laesi,
463 1906 625 1936 maledicta
634 1906 805 1945 reprimam,
816 1905 951 1935 caeteris-

250 1959 320 1987 que,
339 1949 391 1987 qui
418 1959 466 1978 me
485 1959 524 1979 ex
552 1949 629 1978 fama
650 1953 763 1978 tantum
790 1953 950 1984 noverunt,

249 1992 418 2027 ostendam,
428 1992 537 2031 quibus
552 1990 582 2020 in
595 1991 704 2021 studiis
719 1991 833 2021 versari
845 1991 949 2020 decre-

251 2035 357 2070 verim,
368 2039 399 2064 et
410 2035 448 2064 de
459 2045 506 2064 me
518 2034 586 2073 ipso
596 2039 626 2064 et
637 2035 674 2063 de
687 2033 950 2064 calumniatoribus

249 2077 325 2107 meis
358 2087 453 2115 pauca
481 2077 601 2116 praefari
630 2076 832 2106 necessarium
862 2081 949 2115 puto.

249 2119 319 2160 (δ’.)
343 2120 425 2150 Mala
438 2130 496 2150 uon
511 2120 609 2150 minus
625 2130 712 2159 quam
728 2120 807 2149 bona
822 2119 949 2149 candide

248 2163 425 2201 profitebor.
469 2162 617 2193 Maximis
638 2162 775 2201 quamvis
797 2162 948 2192 hominum

249 2205 347 2242 bonis,
361 2205 381 2235 i.
393 2217 420 2236 e.
433 2206 524 2236 animi
536 2210 567 2235 et
576 2205 715 2244 corporis
729 2204 856 2235 sanitate
869 2205 949 2235 haud

251 2248 379 2287 vulgari,
401 2249 531 2279 donatus
556 2258 633 2283 sum,
657 2259 713 2278 nec
741 2258 774 2277 re
799 2247 949 2283 familiari,

250 2301 316 2330 quae
339 2291 476 2328 sufficiat,
497 2301 597 2327 careo,
619 2301 674 2320 nec
695 2291 790 2330 gloria
811 2290 947 2330 quaedam

250 2333 322 2363 mihi
338 2335 444 2370 deest;
466 2340 607 2364 senectus
623 2338 722 2364 tamen
738 2344 804 2363 mea
818 2343 948 2368 morosa,

251 2376 370 2414 pusilla,
385 2377 520 2416 querula,
537 2377 660 2416 ingenio
675 2377 713 2406 ad
732 2386 782 2406 res
801 2376 948 2415 gerendas

250 2418 405 2449 infirmiori
418 2424 448 2449 et
460 2421 496 2450 ad
507 2419 707 2459 eloquentiam
719 2419 949 2458 imperfectiori,

250 2461 444 2502 audaciaeque
456 2471 486 2492 et
497 2463 582 2493 vocis
592 2461 823 2492 vehementioris
835 2461 948 2501 inopia,

251 2514 317 2542 quae
332 2504 398 2534 duae
414 2515 461 2534 res
474 2506 552 2544 apud
569 2505 772 2537 Athenienses
787 2504 947 2543 plurimum

251 2553 391 2586 possunt,
406 2547 528 2578 minime
545 2553 592 2578 est
612 2552 763 2578 contenta.
789 2547 855 2588 (ε’.)
879 2549 948 2577 Νοιι

251 2594 351 2619 tamen
366 2595 527 2629 propterea
541 2592 659 2629 abjecto
680 2589 778 2620 animo
797 2590 948 2626 commisi,

252 2636 285 2662 ut
296 2643 422 2672 prorsus
440 2633 586 2672 inglorius
598 2637 629 2663 et
641 2634 788 2663 obscurus
804 2633 948 2669 viverem,

251 2676 305 2705 sed
323 2676 362 2705 ad
383 2675 538 2714 sapientiae
556 2676 687 2706 studium
708 2680 738 2706 et
760 2677 798 2705 ad
819 2686 855 2706 ea
874 2676 949 2705 scri-

251 2718 361 2754 benda,
383 2729 449 2757 quae
469 2718 508 2747 de
530 2720 619 2748 rebus
639 2719 824 2754 Graecorum,
845 2728 949 2757 regum

250 2766 281 2791 et
301 2761 432 2800 publicis
455 2760 587 2800 negotiis
611 2761 773 2800 cogitando
790 2762 950 2797 eruissem,

251 2804 411 2834 scribenda
425 2803 558 2844 confugi.
594 2803 637 2833 At
652 2814 819 2843 quanquam
835 2814 852 2833 a
867 2815 949 2834 com-

251 2847 341 2877 modo
364 2846 497 2886 privato,
523 2845 573 2875 eui
596 2845 645 2874 alii
668 2852 805 2876 oratores
826 2846 951 2882 inhiant,

251 2889 294 2920 ita
309 2889 414 2919 fuerim
429 2889 556 2923 alienus,
572 2892 605 2917 ut
619 2888 656 2917 ad
673 2889 874 2919 sublevandas
891 2890 950 2919 rei-

250 2932 382 2972 publicae
398 2930 596 2961 necessitates
610 2932 738 2968 majores
756 2931 845 2961 etiam
861 2942 949 2970 quam

249 2984 305 3013 pro
317 2975 427 3014 opibus
440 2973 516 3004 meis
531 2978 669 3012 sumptus
682 2974 815 3009 fecerim,
828 2975 951 3004 Graeco-

250 3027 374 3056 rumque
399 3016 526 3047 utilitati
554 3026 673 3056 semper
697 3017 896 3046 consuluerim
922 3017 950 3046 in

989 1224 1186 1259 orationibus,
1203 1234 1275 1263 spes
1297 1228 1408 1259 tamen,
1427 1229 1459 1254 ut
1479 1224 1584 1263 majori
1599 1224 1690 1254 etiam

988 1267 1100 1295 honore
1112 1267 1256 1301 afficerer,
1268 1276 1389 1306 semper
1399 1266 1517 1296 fefellit.
1539 1266 1612 1307 (ς’.)
1626 1268 1690 1297 Ini-

989 1319 1047 1346 qua
1063 1315 1130 1338 sunt
1146 1310 1184 1338 de
1203 1310 1288 1338 nobis
1309 1310 1412 1348 populi
1430 1310 1559 1348 judicia,
1573 1315 1690 1349 pertur-

989 1352 1067 1385 bata,
1085 1352 1173 1389 plane
1188 1351 1420 1380 inconsiderata.
1465 1352 1604 1382 Aliorum
1622 1363 1690 1382 ora-

989 1397 1085 1421 torum
1115 1393 1227 1422 morem
1257 1393 1465 1432 vituperantes
1499 1394 1570 1423 illos
1602 1394 1689 1434 ipsos

987 1435 1165 1472 reipublicae
1190 1435 1369 1474 praeficiunt,
1392 1446 1475 1465 meas
1498 1441 1598 1466 autem
1622 1447 1689 1467 ora-

987 1478 1086 1507 tiones
1103 1478 1260 1507 laudantes
1273 1477 1344 1508 mihi
1359 1478 1419 1517 ipsi
1434 1480 1473 1508 ob
1485 1479 1608 1508 easdem
1622 1489 1688 1510 ora-

986 1521 1085 1550 tiones
1108 1521 1254 1550 invident.
1300 1519 1370 1561 (ζ.)
1398 1520 1457 1550 Sed
1482 1521 1554 1560 quid
1580 1522 1687 1552 mirum

986 1567 1044 1598 est,
1061 1563 1206 1601 populum
1224 1563 1266 1592 ita
1286 1573 1357 1601 erga
1378 1573 1427 1593 me
1448 1564 1588 1594 affectum
1609 1575 1688 1600 esse,

985 1616 1075 1643 quum
1102 1606 1134 1640 ii,
1161 1605 1212 1644 qui
1240 1616 1273 1635 se
1299 1606 1439 1645 egregios
1469 1611 1587 1645 putant,
1613 1607 1686 1637 milii

986 1648 1074 1677 etiam
1093 1648 1153 1678 sint
1172 1648 1350 1678 iufensiores
1363 1649 1506 1679 indoctis.
1549 1649 1621 1679 Sine
1637 1661 1686 1680 me

986 1690 1091 1721 vivere
1112 1690 1163 1720 vix
1185 1695 1308 1730 queunt,
1331 1691 1516 1721 orationibus
1534 1692 1610 1721 meis
1629 1702 1685 1731 pro

984 1734 1135 1772 exemplis
1146 1739 1269 1763 utuntur
1280 1739 1310 1763 et
1322 1739 1419 1764 tamen
1431 1735 1600 1764 obtrectare
1611 1735 1684 1765 mihi

985 1787 1105 1815 semper
1120 1778 1253 1807 student.
1289 1774 1359 1817 (η’.)
1376 1779 1514 1807 Attamen
1530 1777 1684 1807 orationes

983 1825 1100 1849 nostras
1122 1820 1158 1848 ab
1181 1819 1220 1848 iis
1240 1819 1318 1848 male
1338 1819 1461 1849 tractari
1483 1829 1570 1859 aequo
1584 1820 1684 1850 auimo

983 1862 1102 1897 ferrem,
1111 1861 1168 1891 nisi
1176 1872 1295 1900 quoque
1305 1862 1474 1891 maledictis
1483 1863 1682 1901 aggrederen-

982 1909 1043 1939 tur,
1062 1914 1169 1943 meque
1187 1904 1272 1934 nihili
1294 1904 1403 1934 babere
1419 1905 1587 1935 doctrinam
1608 1905 1682 1934 alio-

981 1957 1108 1986 rumque
1132 1947 1265 1976 omnium
1287 1946 1507 1977 institutionem
1530 1957 1593 1986 prae
1616 1958 1684 1978 mea

982 1996 1170 2020 contemnere
1182 1990 1332 2025 dicerent,
1345 1995 1377 2020 ut
1388 2000 1483 2029 nuper
1494 1990 1604 2020 factum
1616 2000 1684 2021 esse

982 2033 1113 2071 accipio.
1157 2033 1234 2069 Quae
1250 2033 1308 2062 etsi
1324 2033 1362 2062 de
1380 2043 1427 2062 me
1450 2043 1505 2062 nec
1524 2032 1681 2072 quisquam

982 2076 1097 2109 eredat,
1114 2075 1263 2114 siquidem
1286 2076 1468 2105 contrarium
1492 2076 1602 2114 ubique
1619 2086 1682 2115 prae

981 2128 1029 2148 me
1055 2119 1159 2154 feram,
1187 2123 1287 2148 tamen
1314 2118 1421 2157 pungit
1445 2128 1494 2148 me
1519 2118 1683 2148 infelicitas

982 2171 1060 2198 mea,
1076 2171 1153 2201 quae,
1176 2161 1213 2190 ab
1232 2161 1293 2190 isto
1316 2161 1465 2190 hominum
1488 2171 1596 2200 genere
1611 2171 1683 2199 pro-

981 2204 1071 2243 secta,
1094 2210 1243 2243 perpetuo
1264 2213 1312 2233 me
1332 2207 1493 2242 persecuta
1515 2208 1574 2238 est,
1599 2204 1682 2233 calu-

981 2247 1128 2276 mniarum
1156 2251 1187 2276 et
1220 2246 1344 2276 invidiae
1377 2246 1436 2275 mei
1464 2245 1552 2275 unica
1578 2256 1681 2276 causa.

981 2288 1052 2330 (θ’.)
1072 2290 1114 2319 At
1129 2299 1298 2328 quanquam
1313 2298 1386 2319 vera
1400 2288 1586 2319 criminando
1600 2299 1682 2319 men-

981 2333 1072 2362 duces
1083 2332 1157 2362 istos
1171 2332 1260 2361 facile
1271 2331 1411 2361 refellere
1423 2341 1557 2370 possem,
1569 2336 1681 2368 tamen,

981 2375 1051 2414 quia
1074 2375 1154 2404 nulla
1176 2384 1278 2404 eorum
1300 2374 1377 2404 ratio
1400 2374 1537 2404 habenda
1559 2379 1618 2410 est,
1641 2374 1681 2404 iis

982 2423 1122 2457 tauquam
1136 2416 1249 2447 invidis
1261 2417 1410 2454 neglectis
1422 2416 1558 2455 reliquos
1570 2417 1681 2447 docere

981 2461 1124 2495 conabor,
1136 2470 1189 2490 eos
1203 2459 1351 2489 immerito
1363 2465 1393 2489 et
1405 2459 1513 2498 injuria
1527 2459 1569 2489 ita
1583 2460 1621 2489 de
1632 2469 1680 2489 me

981 2502 1105 2533 sentire.
1159 2503 1219 2532 Sed
1249 2507 1281 2532 et
1309 2503 1366 2532 hoc
1395 2501 1593 2540 rejiciendum
1621 2506 1680 2538 est,

981 2546 1130 2586 siquidem
1150 2544 1221 2576 illos
1242 2546 1299 2575 hoc
1323 2545 1404 2585 ipso,
1428 2554 1487 2584 quo
1509 2554 1563 2574 eos
1585 2544 1680 2574 lenire

981 2589 1147 2623 studerem,
1163 2589 1183 2618 i.
1194 2599 1221 2618 e.
1235 2587 1370 2618 oratione
1380 2597 1438 2617 non
1451 2586 1609 2617 invenusta
1619 2587 1679 2616 for·

981 2636 1071 2668 tasse,
1092 2631 1188 2671 magis
1208 2631 1298 2661 etiam
1327 2630 1484 2660 irritarem.
1526 2630 1570 2660 At
1588 2629 1680 2659 tacite

981 2684 1106 2725 prorsus
1129 2674 1285 2712 praeterire
1310 2673 1379 2703 illos
1403 2677 1433 2703 et
1455 2672 1492 2702 ad
1515 2671 1680 2702 orationem

982 2719 1078 2758 ipsam
1095 2717 1252 2751 accedere,
1271 2716 1342 2746 ideo
1364 2725 1421 2745 non
1442 2714 1524 2750 licet,
1540 2715 1680 2753 quoniam

983 2766 1014 2791 et
1029 2760 1206 2800 prooemium
1223 2760 1279 2789 line
1293 2764 1324 2789 et.
1335 2757 1430 2788 oratio
1441 2761 1582 2787 secutura
1591 2768 1681 2788 exor-

982 2804 1035 2834 dio
1049 2808 1122 2833 tunc
1136 2807 1263 2832 careret.
1301 2800 1456 2840 Optimum
1472 2800 1565 2838 igitur
1580 2800 1680 2835 fuerit,

983 2856 1121 2886 pergere,
1135 2855 1202 2884 quae
1216 2844 1338 2881 incoepi,
1356 2846 1388 2873 et
1401 2841 1471 2881 quid
1492 2842 1532 2872 de
1545 2842 1685 2873 doctrina

983 2890 1080 2928 deque
1096 2888 1195 2927 poetis
1209 2886 1344 2920 sentiam.
1362 2885 1510 2924 proferre,
1525 2895 1585 2924 quo
1600 2886 1682 2916 desi-

983 2939 1064 2966 nant,
1081 2930 1156 2960 falsa
1170 2930 1208 2959 de
1222 2939 1270 2960 me
1285 2927 1476 2959 comminisci
1490 2932 1520 2957 et
1531 2923 1681 2967 quidquid

985 2975 1014 3005 in
1038 2974 1163 3003 buccam
1186 2972 1313 3007 venerit,
1337 2971 1461 3010 garrire.
1505 2969 1551 3011 (ι’.
1556 2970 1571 3004 δ
1596 2971 1682 3001 Licet

984 3017 1079 3056 igitur
1093 3014 1236 3054 sophistae
1260 3013 1333 3044 milii
1355 3018 1561 3047 succenseant.
1582 3016 1681 3043 tamen

1394 1115 1692 1187 ψευδολογιας

1911 887 1914 947 Ι
