1924 3314
272 219 297 256 6
642 211 1050 255 HIERONYMUS
1083 210 1355 251 WOLFIUS

273 334 377 368 certe
397 326 582 366 affirmare
600 327 733 371 ausim,
754 339 812 363 me
832 326 917 376 plus
938 325 975 362 in
996 337 1070 362 una
1089 326 1264 362 oratione
1291 322 1518 374 castiganda
1539 322 1712 368 sudasse,

274 401 387 440 quam
415 388 451 425 in
479 387 594 424 totius
619 388 746 437 operis
774 387 898 436 prima
929 385 1194 424 translatione.
1252 385 1378 428 Quam
1399 392 1525 423 tamen
1545 397 1712 434 auguror

273 450 322 488 ab
355 447 570 487 hominibus
604 448 733 486 obesae
762 450 861 485 naris
888 443 1088 497 praelatum
1120 445 1165 484 iri
1196 445 1285 483 huic
1319 450 1427 484 tanto
1445 458 1469 483 a
1492 459 1554 483 me
1583 444 1713 484 studio

273 511 483 548 adornatae.
539 509 657 547 Pauci
691 509 804 553 enim,
834 509 871 546 in
904 508 975 545 hac
1015 507 1179 556 ignavia,
1216 507 1254 543 in
1285 512 1392 544 tanta
1422 506 1643 545 ambitionis
1673 511 1713 543 et

274 569 445 608 avaritiae
475 568 626 607 flamma
661 574 700 606 et
726 568 873 606 rixandi
895 567 1061 612 vesania,
1091 566 1310 604 Latinitatis
1343 567 1527 604 rationem
1551 559 1711 609 habent,

275 630 458 681 augendis
488 630 626 680 opibus
653 634 691 666 et
718 627 930 665 honoribus
958 627 1219 676 adipiscendis
1237 633 1276 664 et
1297 626 1523 664 adversariis
1544 633 1713 676 proster-

276 692 409 728 nendis
440 691 589 728 intenti.
648 688 722 725 Sed
755 700 828 736 ego
858 687 1131 724 adolescentiae
1151 687 1339 725 rationem
1369 687 1500 731 habui,
1519 698 1636 736 quam
1655 699 1715 724 as·

271 751 424 788 suefieri
437 751 561 795 velim,
572 755 613 786 ut
626 747 952 798 quemadmodum
963 747 1235 785 Jurisconsulti
1249 748 1329 785 siue
1344 747 1569 798 legibus‚ita
1578 753 1617 784 et
1632 747 1716 796 ipsa

275 813 423 862 absque
439 810 592 861 probati
612 809 782 846 auctoris
796 808 978 857 exemplis
993 808 1100 857 loqui
1113 809 1372 846 erubesceret.
1429 808 1568 859 Neque
1588 812 1716 845 tamen

274 873 315 911 id
335 878 551 910 assecutum
574 883 631 907 me
663 882 746 907 esse
767 869 894 906 dicere
914 869 1048 906 ausim.
1107 869 1312 918 Repugnat
1332 869 1432 906 enim
1459 881 1564 919 saepe
1585 867 1716 905 Graeci

277 934 464 971 sermonis
495 932 640 981 genius,
671 930 904 980 minimeque
931 943 971 968 se
1001 930 1137 967 Latino
1171 930 1321 979 praebet
1352 930 1615 975 obedientem,
1645 928 1720 966 nisi

278 994 458 1031 latissime
477 991 571 1030 velis
602 997 709 1029 extra
734 990 904 1028 auctoris
931 990 1038 1042 quasi
1059 990 1207 1027 alveum
1230 990 1427 1040 expatiari,
1458 992 1518 1026 καὶ
1547 990 1639 1040 ὑπὲρ
1673 991 1719 1026 τὰ

276 1056 486 1105 ἐσκαμμένα
521 1053 663 1102 πηέᾷνε
696 1052 802 1102 quod
835 1065 906 1103 ego
936 1051 1029 1089 mihi
1060 1052 1281 1102 permittere
1311 1063 1558 1101 nequaquam
1588 1049 1719 1095 velim,

278 1129 355 1153 rem
374 1121 534 1153 conatus
554 1114 712 1151 arduam
739 1120 777 1152 et
796 1112 1072 1163 perdifficilem,
1093 1126 1137 1150 ac
1158 1113 1285 1162 potius
1305 1125 1387 1150 eam
1409 1124 1496 1163 quae
1522 1111 1585 1149 vix
1607 1124 1652 1148 ac
1672 1124 1720 1148 ne

277 1177 341 1213 vix
361 1175 516 1225 quidem
536 1174 617 1213 fieri
647 1187 762 1225 posse
791 1173 977 1219 videatur,
1006 1179 1104 1210 utet
1125 1172 1252 1210 verbis
1274 1172 1426 1210 Graecis
1459 1171 1633 1223 proxime
1662 1170 1719 1208 in-

279 1238 463 1283 sisterem,
483 1245 521 1275 et
540 1250 562 1275 a
589 1236 796 1274 Latinitate
817 1249 934 1285 quam
967 1235 1161 1273 minimum
1182 1235 1410 1274 aberrarem.
1468 1232 1585 1278 Quod
1603 1233 1720 1284 igitur

279 1297 369 1335 olim
392 1304 531 1335 temere
552 1304 591 1336 et
608 1298 786 1348 imperite
805 1298 935 1347 potius
950 1295 1164 1347 (fatendum
1185 1303 1245 1334 est
1268 1297 1397 1344 enim),
1419 1308 1533 1346 quam
1555 1294 1721 1345 superbe

278 1364 317 1396 et
335 1365 555 1407 arroganter
573 1358 682 1408 (quid
704 1358 734 1394 si
758 1358 870 1395 etiam
899 1365 1080 1408 μαντικῶς
1111 1357 1269 1407 scripsi:
1301 1370 1387 1395 nam
1408 1364 1447 1395 et
1466 1362 1592 1407 poetae
1614 1361 1720 1393 vates

279 1419 490 1466 dicuntur),

532 1473 640 1501 Graeca
653 1470 756 1509 legant
769 1470 870 1500 docti:
895 1470 1023 1500 rudibus
1039 1472 1196 1501 conversio
1213 1472 1309 1502 servit

575 1522 702 1555 Nostra,
718 1520 813 1559 polita
828 1519 939 1555 minus,
953 1520 1009 1549 sed
1024 1520 1160 1549 studiosa
1175 1522 1274 1560 scopi.

531 1571 577 1601 Hi
592 1571 680 1600 nimis
696 1570 826 1600 audaces
840 1580 930 1609 super
945 1570 1041 1599 ardua
1055 1569 1157 1599 nubila
1172 1574 1287 1600 tranant
1301 1583 1306 1599 z

576 1622 621 1651 Hi
637 1621 735 1651 timidi
752 1619 873 1651 nimium
890 1620 979 1650 litora
989 1624 1054 1649 tuta
1069 1621 1182 1658 legunt.

533 1672 597 1702 Nos
614 1671 731 1711 (medio
744 1675 886 1710 quantum
905 1670 990 1700 licuit
1002 1671 1186 1700 contendere
1203 1670 1310 1711 cursu)

574 1722 706 1752 Flamma
722 1732 777 1751 nec
794 1721 924 1756 exussit,
938 1731 994 1750 nec
1010 1721 1170 1751 madefecit
1185 1731 1272 1760 aqna.

533 1774 589 1802 Est
604 1782 739 1811 appensa
753 1772 876 1811 quidem
889 1771 989 1810 planis
1008 1772 1155 1801 sententia
1171 1771 1286 1806 verbis,

573 1824 746 1862 Verbaque,
763 1833 822 1862 qua
839 1823 962 1856 debent,
979 1826 1173 1850 annumerata
1188 1821 1263 1850 tide:

277 1895 377 1920 nunc
404 1881 549 1931 majore
579 1893 666 1918 eum
691 1880 798 1917 venia
826 1880 1044 1924 Lectorum,
1066 1886 1104 1917 et
1135 1879 1251 1929 paulo
1274 1879 1396 1916 verius
1422 1879 1589 1918 scribere
1609 1893 1722 1931 posse

277 1943 421 1981 videar.
479 1940 613 1978 Sicubi
647 1946 774 1978 tamen
802 1941 905 1978 hunc
939 1953 1114 1991 scopum,
1146 1941 1206 1977 vel
1237 1940 1293 1978 rei
1323 1940 1552 1979 difficultate
1584 1941 1724 1988 victus,

278 2005 339 2042 vel
360 2004 408 2041 ab
436 2002 588 2052 ingenio
611 2007 650 2039 et
672 2001 860 2039 doctrinae
884 2002 996 2051 copio
1017 2002 1242 2047 destitutus,
1274 2001 1462 2051 attingere
1492 2015 1570 2040 non
1599 2004 1725 2052 potui,

277 2064 477 2113 religiosus
497 2068 536 2100 et
557 2061 656 2100 fidus
676 2062 866 2112 interpres
893 2076 976 2100 esse
1002 2062 1128 2109 malui,
1149 2074 1263 2112 quam
1290 2062 1396 2111 quod
1423 2062 1532 2100 multi
1552 2062 1718 2110 faciunt,

279 2125 342 2162 alii
369 2138 414 2161 ex
443 2124 608 2169 inscitia,
629 2123 692 2161 alii
712 2136 759 2161 ex
779 2123 1004 2168 ambitione,
1027 2136 1130 2160 meas
1151 2136 1221 2174 pro
1244 2121 1466 2161 Isocraticis
1491 2124 1528 2160 in
1550 2123 1721 2162 medium

279 2188 414 2224 afferre
435 2185 656 2223 sententias.
695 2185 823 2229 Quam
844 2184 1068 2235 religionem
1089 2190 1175 2221 sunt
1190 2183 1254 2232 qui
1274 2183 1586 2234 superstitionem
1606 2190 1725 2235 atque

281 2247 448 2297 ineptias
479 2246 718 2296 appellantes
754 2252 792 2284 et
816 2252 1068 2284 contemnant
1094 2251 1134 2283 et
1165 2244 1320 2283 oderint
1351 2251 1391 2282 et
1408 2244 1657 2292 insectentur,
1688 2252 1727 2284 et

280 2309 439 2360 primam
459 2307 748 2345 translationem
770 2320 905 2354 meam,
926 2314 1002 2344 tani
1025 2306 1206 2345 secundae
1228 2312 1264 2343 et
1285 2305 1424 2353 tertiae‚
1445 2319 1557 2354 quam
1575 2312 1615 2344 et
1634 2305 1726 2344 huic

283 2370 428 2419 quintae
458 2368 711 2418 recognitioni
737 2369 985 2418 anteponant.
1044 2367 1182 2406 Paucis
1208 2366 1322 2412 enini,
1350 2372 1393 2405 ut
1419 2366 1514 2413 dixi,
1540 2366 1725 2405 Latinitas

282 2443 384 2468 curae
414 2436 484 2476 est,
505 2435 542 2466 et
573 2442 593 2466 a
620 2429 795 2479 pluribus
822 2429 1013 2467 tumidum
1042 2434 1081 2467 et
1107 2429 1366 2479 promiscuum
1395 2428 1579 2466 orationis
1605 2441 1726 2478 genus

285 2490 460 2528 modesto
473 2497 511 2528 et
527 2502 626 2541 puro
639 2489 865 2528 antefertur.
885 2491 980 2529 Sunt
992 2491 1104 2529 etiam
1119 2489 1259 2541 quibus
1275 2496 1399 2528 totum
1414 2490 1489 2529 hoc
1506 2490 1726 2542 displiceat,

285 2564 563 2602 recognoscere
585 2557 623 2588 et
641 2551 856 2602 corrigere:
886 2559 924 2590 et
950 2552 1063 2591 toties
1091 2552 1257 2590 eandem
1286 2552 1397 2603 quasi
1417 2552 1645 2590 cantilenam
1666 2565 1726 2590 re-

284 2618 438 2650 cantare
460 2614 705 2650 vehementer
725 2613 978 2663 improbetur.
1021 2614 1100 2652 Cur
1119 2626 1197 2651 non
1217 2613 1337 2658 aiunt,
1356 2620 1421 2651 aut
1440 2612 1548 2651 initio
1570 2612 1726 2652 functus

279 2686 318 2710 es
338 2673 442 2711 omni
463 2671 586 2710 fidelis
606 2679 644 2712 et
664 2674 798 2711 diserti
818 2674 1040 2724 interpretis
1065 2674 1218 2718 officio;
1252 2682 1319 2713 aut
1341 2675 1371 2713 si
1393 2675 1430 2712 id
1452 2687 1529 2713 non
1551 2674 1727 2726 potuisti,

285 2747 355 2772 cur
373 2747 447 2772 non
462 2733 591 2784 potius
611 2734 722 2784 egisti
739 2735 875 2782 otium,
889 2741 929 2773 et
948 2735 1030 2774 aliis
1046 2735 1156 2774 istam
1173 2735 1362 2774 mandasti
1384 2735 1635 2786 provinciam,
1655 2734 1725 2772 do-

284 2795 469 2834 ctioribus
489 2801 528 2832 et
549 2795 909 2845 eloquentioribus?
962 2796 1154 2848 Equidem
1174 2797 1270 2835 nihil
1289 2797 1415 2835 habeo
1436 2795 1544 2848 quod
1566 2808 1725 2848 respon—

288 2856 413 2903 deam,
434 2856 521 2902 nisi,
541 2869 610 2894 nos
631 2862 709 2894 tum
729 2870 800 2907 pro
820 2857 959 2895 nostris
979 2859 1119 2910 opibus
1135 2859 1275 2898 moenia
1292 2857 1538 2897 condidisse:

543 2924 696 2955 Primitias
713 2926 864 2963 dedimus,
880 2937 953 2966 quas
970 2934 1070 2958 noster
1085 2928 1203 2967 agellus
1218 2927 1359 2962 habebut,

582 2976 695 3012 Quales
713 2987 727 3005 e
745 2977 825 3006 tenui
842 2987 909 3006 rure
928 2978 1029 3007 venire
1041 2979 1155 3008 solent:
