1914 3314
514 474 782 524 INDEX
837 473 1354 523 HISTORICUS

648 607 739 648 AD
792 605 1220 648 ISOCRATEM.

536 844 577 873 A.

208 906 413 945 Abrocomas,
438 909 629 940 clarissimus
652 911 817 941 Persarum
848 911 922 940 dux.

254 953 329 981 224.

209 992 363 1030 Achilles,
372 995 514 1025 Thetidis
530 995 623 1026 filius.
636 997 710 1026 477.
726 995 813 1026 Pelei
831 995 924 1031 filius,

253 1037 327 1066 belli
351 1038 473 1076 Trojani
497 1039 668 1078 particeps,
690 1039 834 1069 omuibus
853 1038 924 1068 aliis

258 1080 448 1110 antecelluit.
462 1084 537 1112 445.

214 1121 382 1159 Adrastus,
393 1123 478 1154 Talai
494 1125 527 1160 f„
540 1123 779 1154 Atheniensibus
793 1123 925 1163 supplex

258 1165 413 1206 (tempore
438 1167 579 1207 Thesei).
596 1168 672 1205 189,
689 1169 719 1197 9.
738 1167 842 1196 clades
859 1168 926 1204 ejus

256 1209 295 1237 ad
311 1208 445 1246 Thebas,
461 1219 553 1249 quum
580 1209 689 1248 OEdipi
710 1209 805 1238 filium
830 1210 926 1247 Poly-

256 1250 346 1280 nicen
361 1250 391 1281 in
409 1261 539 1289 regnum
560 1252 709 1281 reducere
730 1251 834 1281 vellet.
851 1253 926 1286 546,

258 1295 290 1323 4.
314 1293 410 1323 idem.
434 1296 511 1329 47¹2,
528 1297 580 1324 17.

216 1335 354 1366 AEacidae
366 1336 476 1367 heroes
490 1337 630 1367 Nicoclis
644 1336 763 1377 generis
776 1340 927 1365 auctores.

261 1381 336 1420 146,
355 1380 411 1409 ult.
436 1380 640 1410 semideorum
657 1391 674 1410 e
688 1381 768 1410 Jove
787 1389 928 1419 procrea-

259 1426 361 1452 torum
398 1422 660 1461 praestantissimi.
697 1424 770 1452 444.
807 1421 928 1451 omnino

260 1464 340 1494 enim
355 1475 461 1495 omues
476 1465 678 1495 celeberrimi.
693 1465 770 1495 ibid.

218 1506 347 1543 AEacus,
375 1508 466 1538 Jovis
502 1509 536 1544 f.‚
562 1508 783 1539 'Peucridarum
809 1507 929 1546 generis

262 1556 381 1587 auctor,
412 1561 428 1580 a
461 1551 600 1581 siccitate
624 1551 786 1590 aliquando
804 1551 931 1580 Garaecos

261 1593 416 1623 liberavit.
430 1596 507 1624 444.
518 1594 612 1624 idem.
624 1595 698 1626 554.
711 1594 757 1624 illi
772 1602 932 1623 commune

263 1637 413 1677 templum
421 1637 686 1676 GraeciinAEg-ina
700 1641 933 1667 exstruxerunt.

263 1682 340 1710 444.
362 1684 434 1718 post
456 1680 572 1710 abitum
603 1691 619 1710 e
644 1685 727 1710 terra
753 1678 878 1709 Plutoni
905 1685 935 1708 et

266 1722 461 1762 Proserpinae
478 1723 615 1753 assidere
641 1723 832 1762 perhibetur.
858 1721 935 1751 ibid.

265 1766 331 1804 ejus
344 1766 397 1794 filii
410 1766 556 1796 Telamon
574 1771 604 1796 et
619 1766 743 1796 Peleus.
756 1765 831 1795 ibid.

223 1807 357 1846 AEgeus.
372 1810 446 1839 469.

223 1850 391 1890 AEginetae.
406 1852 483 1882 ⁶722.

225 1894 403 1933 AEginetica
424 1894 574 1925 Isocratis
603 1894 702 1925 oratio
732 1904 840 1924 nomen
864 1894 935 1924 inde

269 1938 373 1972 traxit,
390 1937 471 1976 quod
488 1948 571 1975 reus,
588 1937 638 1967 cui
665 1937 763 1967 oratio
780 1937 937 1974 tribuitur,

268 1979 297 2009 in
309 1980 425 2018 AEgina
440 1985 514 2010 tunc
529 1980 785 2010 commorabatur.
801 1982 876 2011 7⁶26.

225 2022 335 2052 AEolus
345 2023 493 2053 Busiride
511 2023 674 2064 posterior.
688 2024 763 2054 485.
787 2023 870 2053 illius
881 2024 935 2052 hu-

268 2066 407 2095 manitas.
425 2066 502 2096 ibid.

228 2106 450 2148 Agamemnon,
474 2108 621 2148 Argivus.
645 2110 722 2145 5021,
744 2111 796 2139 21.
820 2109 935 2148 optime

268 2151 310 2181 de
332 2152 452 2182 Graecis
479 2153 619 2182 meritus.
647 2154 723 2189 521,
746 2153 796 2182 ι25.
831 2152 936 2182 laudes

271 2194 421 2233 ejusdem.
447 2197 522 2232 522,
536 2197 567 2226 3.
592 2195 687 2225 totius
712 2194 839 2224 Graeciae
861 2196 939 2224 dux.

269 2236 346 2267 ibid.
365 2240 418 2268 ΞΟ.
450 2239 578 2268 Graecos
609 2239 778 2268 concordes
801 2238 938 2268 redditos

270 2285 377 2310 contra
393 2281 548 2311 Barbaros
559 2281 659 2311 duxit.
671 2281 745 2311 ibid.
757 2287 859 2321 antcp.
884 2281 938 2310 mi-

272 2333 376 2353 norem
392 2323 513 2353 laudem
538 2325 668 2363 adeptus
686 2329 745 2360 est,
769 2335 857 2363 quam
875 2334 939 2354 me-

270 2365 344 2395 ruit.
361 2368 437 2402 5⁰23,
453 2368 484 2397 5.
500 2377 590 2405 reges
612 2367 739 2397 Graeciae
760 2377 814 2397 suo
831 2377 938 2406 parere

271 2409 400 2448 imperio
417 2405 548 2440 induxit.
565 2410 642 2440 ibid.
655 2413 703 2440 11.
727 2410 938 2449 expeditionis

273 2452 340 2490 ejus
355 2451 385 2481 iu
399 2454 524 2491 Trojam
542 2463 648 2482 verum
665 2452 839 2483 consilium.
862 2453 938 2483 ibid.

274 2497 328 2524 18.
351 2505 411 2533 quo
425 2497 538 2525 factum
549 2496 600 2531 sit,
614 2501 646 2526 ut
661 2496 704 2526 illi
717 2497 873 2535 paruerint
890 2507 938 2526 se-

272 2537 367 2566 midei
377 2543 407 2567 et
416 2539 602 2578 reges.ibid.
613 2541 665 2569 97.
683 2539 832 2578 sapientia
845 2539 938 2569 illius.

231 2624 365 2662 Agenor,
381 2624 516 2653 musices
533 2623 688 2663 magister.
701 2627 777 2661 772,
795 2625 854 2664 Ep.
867 2627 896 2655 8.
909 2629 938 2657 Ξ.

274 2666 303 2695 in
314 2670 379 2695 arte
390 2667 505 2695 musica
514 2667 794 2706 praestantissimus.
803 2670 879 2702 ¹773,
889 2671 939 2698 10.

231 2709 406 2749 Agesilaus,
422 2709 495 2748 Cyri
509 2709 633 2739 minoris
649 2711 748 2750 copiis
763 2721 835 2741 usus
847 2716 938 2740 totam

276 2752 339 2781 fere
356 2752 461 2781 Asiam
479 2752 558 2782 intra
579 2752 683 2791 Halyn
701 2754 827 2783 tiuvium
843 2764 938 2793 expu-

275 2794 389 2834 gnavit.
413 2797 487 2832 ⁰227,
511 2805 581 2834 peu.
608 2797 762 2826 exercitus
787 2798 855 2835 ejus
883 2807 940 2836 per

273 2843 344 2867 octo
368 2847 489 2868 menses
505 2848 521 2868 a
543 2839 707 2868 Persarum
731 2840 862 2878 satrapis
891 2850 939 2870 su-

275 2886 434 2911 stentatus.
452 2882 527 2916 232,
545 2884 597 2911 11.
610 2891 678 2910 cum
696 2881 872 2921 ingentibus
889 2893 940 2912 co—

274 2923 334 2961 piis
363 2923 468 2954 Asiam
492 2924 615 2954 transiit
640 2934 766 2963 eamque
798 2926 940 2955 vastavit.

274 2968 349 3002 2:32,
369 2969 418 2997 11.
442 2967 472 2997 in
493 2978 554 3007 quo
575 2967 749 3007 peccaverit
765 2968 795 2998 in
812 2969 940 3007 expedi-

1002 826 1085 856 tione
1105 826 1253 856 Asiatica.
1271 829 1345 861 ²274,
1361 826 1414 855 ult.
1438 826 1558 855 duabus
1573 825 1667 855 rebus

1002 869 1061 898 sibi
1077 870 1239 899 contrariis
1256 870 1388 898 intentus
1405 873 1479 898 erat.
1494 868 1570 897 ibid.
1601 868 1667 906 regi

1003 912 1166 941 Persarum
1198 913 1312 942 bellum
1342 911 1465 947 inferre,
1500 911 1668 949 eodemque

1002 958 1142 994 tempore
1157 955 1272 984 amicos
1288 965 1361 984 suos
1383 954 1482 993 patria
1497 954 1603 992 pulsos
1618 964 1667 982 re-

1001 997 1117 1027 ducere
1141 1003 1268 1027 conatus
1291 1003 1349 1027 est.
1371 999 1446 1032 275,
1463 1000 1493 1026 1.
1531 996 1668 1034 ejusdem

1002 1040 1047 1070 rei
1064 1040 1207 1070 militaris
1222 1040 1336 1079 peritia
1351 1045 1382 1069 et
1403 1039 1576 1079 prudentia.
1593 1040 1668 1069 569.

1003 1093 1081 1112 unus
1096 1083 1164 1118 fuit,
1180 1084 1232 1121 qui
1251 1084 1332 1113 Asiae
1349 1082 1515 1112 calamitati
1531 1092 1570 1111 ex
1587 1082 1670 1111 inso-

1002 1126 1098 1155 lentia
1114 1126 1254 1155 exsulum
1269 1131 1345 1155 ortae
1369 1125 1542 1155 consultum
1560 1124 1668 1154 voluit.

1003 1170 1079 1204 779,
1095 1171 1127 1198 7.
1149 1168 1231 1198 idem
1248 1179 1370 1208 semper
1391 1167 1523 1206 cupidus
1540 1164 1670 1196 Graeciae

1004 1211 1169 1239 liberandae
1185 1211 1323 1250 bellique
1340 1210 1487 1241 Bai-baris
1504 1210 1669 1240 inferendi.

1005 1252 1082 1281 ibid.
1521 1266 1523 1268 -

961 1293 1112 1334 Agyrius.
1130 1296 1204 1331 696,
1222 1297 1274 1325 10.

962 1338 1052 1376 Ajax,
1065 1337 1239 1367 Telamonis
1246 1338 1280 1374 f.‚
1289 1337 1371 1367 bello
1381 1338 1512 1376 Trojano
1524 1336 1677 1374 interfuit,

1009 1381 1121 1410 virtute
1138 1383 1175 1410 ab
1191 1381 1308 1410 Achille
1325 1380 1489 1410 secundus.
1506 1380 1582 1410 445.

964 1423 1141 1454 Alcibiades
1158 1424 1196 1453 ob
1210 1424 1344 1453 reditum
1364 1423 1394 1452 in
1415 1422 1546 1462 patriam
1560 1422 1674 1453 bellum

1008 1466 1154 1505 suscepit.
1171 1468 1245 1497 268.
1269 1477 1329 1506 quo
1341 1466 1541 1496 Athenienses
1556 1476 1676 1496 omnes-

1007 1519 1066 1548 que
1094 1511 1218 1539 Graecos
1246 1510 1276 1538 in
1292 1510 1458 1539 ‘maximas
1487 1508 1678 1539 calamitates

1009 1552 1149 1593 conjecit.
1174 1553 1250 1582 ibid.
1275 1551 1515 1582 Lacedaemoniis
1532 1551 1675 1590 potiundi

1009 1595 1130 1634 imperii
1142 1595 1284 1625 maritimi
1298 1600 1413 1625 auctor.
1426 1594 1501 1624 ibid.
1526 1605 1586 1634 quo
1596 1595 1677 1625 facto

1011 1638 1055 1667 illi
1071 1643 1102 1668 et
1118 1638 1208 1667 etiam
1226 1643 1372 1668 terrestre
1395 1636 1557 1677 imperinm
1571 1637 1676 1676 perdi-

1012 1682 1133 1711 derunt.
1149 1681 1225 1711 ibid.
1239 1691 1348 1720 magna
1359 1691 1426 1710 cum
1440 1680 1531 1710 laude
1543 1679 1574 1709 in
1582 1680 1678 1720 patri-

1013 1735 1060 1753 am
1077 1724 1181 1753 rediit.
1198 1724 1273 1753 ibid.
1297 1724 1389 1753 idem.
1406 1725 1480 1754 969.
1502 1722 1677 1762 discipulus

1015 1767 1153 1797 Socratis
1168 1777 1358 1806 nequaquam
1375 1766 1586 1799 nominandus.
1601 1769 1678 1797 4234.

1015 1810 1052 1839 ab
1068 1810 1106 1839 iis
1121 1810 1199 1848 ipsis
1216 1811 1290 1839 urbe
1305 1810 1428 1849 pulsus,
1453 1820 1470 1838 a
1488 1808 1600 1848 quibus
1625 1810 1680 1839 de-

1015 1853 1165 1883 mocratia
1180 1862 1289 1883 eversa
1301 1859 1357 1882 est.
1375 1854 1449 1884 674.
1473 1861 1542 1881 cum
1554 1852 1594 1881 iis
1611 1862 1680 1882 esse

1012 1896 1123 1932 noluit,
1144 1896 1196 1935 qui
1210 1895 1508 1934 Quadragintaviros
1531 1895 1680 1925 constiti.-

1013 1945 1110 1969 erunt.
1122 1939 1197 1968 ibid.
1221 1938 1347 1968 crimine
1363 1938 1483 1968 solutus
1497 1939 1529 1968 in
1544 1937 1682 1968 Siciliam

1013 1982 1124 2011 missus
1141 1987 1198 2011 est.
1211 1982 1285 2014 675.
1308 1981 1380 2010 inde
1393 1986 1537 2011 avocatus
1553 1981 1592 2010 ad
1607 1991 1679 2011 cau-

1015 2035 1077 2054 sam
1101 2025 1259 2055 dicendam
1276 2024 1379 2063 Argos
1403 2029 1435 2054 et
1457 2023 1569 2053 deinde
1584 2025 1681 2054 Lace-

1014 2068 1180 2098 daemonem
1204 2067 1350 2106 profugit.
1375 2067 1452 2097 ibid.
1483 2076 1610 2106 quarum
1632 2077 1681 2096 re-

1014 2121 1079 2140 rum
1104 2112 1141 2140 ab
1167 2110 1353 2140 adversariis
1377 2109 1583 2140 insimuletur.
1607 2109 1684 2141 ibid.

1014 2158 1084 2184 ante
1100 2153 1245 2184 exsilium
1266 2152 1407 2182 ducentis
1430 2152 1554 2183 armatis
1569 2152 1681 2183 instru-

1014 2201 1082 2226 otus
1119 2197 1268 2226 maximas
1299 2196 1470 2234 Peloponn.
1498 2195 1641 2225 civitates
1664 2206 1682 2225 a

1016 2241 1164 2270 societate
1201 2239 1504 2269 Lacedaemoniorum
1540 2238 1682 2268 abduxit.

1015 2284 1089 2313 677.
1114 2293 1172 2313 non
1196 2282 1315 2322 patriae,
1331 2282 1387 2311 sed
1399 2281 1586 2311 adversariis
1609 2288 1683 2322 post

1016 2325 1160 2355 exsilium
1170 2325 1283 2355 bellum
1297 2325 1404 2354 movit.
1421 2324 1496 2354 ibid.
1519 2329 1684 2354 revocatur

1016 2378 1033 2397 a
1048 2369 1180 2398 ducibus
1199 2367 1394 2398 Atheniensis
1412 2367 1580 2397 exercitus.
1603 2367 1681 2398 ibid.

1016 2415 1159 2450 receptus
1182 2412 1211 2440 in
1227 2411 1356 2450 patriam
1377 2411 1615 2450 Tissaphernem
1637 2410 1683 2440 in-

1016 2454 1119 2490 duxit,
1135 2465 1171 2484 ne
1187 2453 1431 2484 Lacedaemoniis
1447 2453 1519 2484 belli
1543 2459 1684 2493 sumptus

1017 2498 1180 2537 praeberet.
1196 2497 1271 2527 ibid.
1293 2496 1401 2536 patriae
1417 2507 1466 2526 res
1480 2496 1625 2532 restituit,
1642 2496 1686 2527 ci·

1018 2540 1108 2569 vibus
1125 2540 1344 2579 rempublicam
1367 2539 1514 2576 reddidit,
1536 2549 1589 2569 eos
1604 2539 1684 2569 inter

1017 2593 1050 2612 se
1080 2582 1300 2618 reconciliavit,
1326 2583 1428 2612 socios
1452 2581 1514 2612 illis
1532 2582 1686 2621 adjunxit,

1018 2626 1331 2665 Lacedaemoniosque
1348 2625 1449 2655 ubivis
1464 2625 1593 2664 fugavit.
1609 2627 1684 2655 6⁷8.

1018 2669 1084 2710 ejus
1109 2679 1126 2698 a
1154 2673 1249 2708 patre,
1278 2679 1410 2708 proavus
1433 2679 1503 2698 cum
1527 2667 1685 2698 Clisthene

1017 2713 1165 2751 populum
1175 2712 1213 2741 ab
1222 2711 1334 2741 exsilio
1345 2712 1469 2742 reduxit
1480 2715 1686 2751 tyrannosque

1017 2755 1120 2795 ejecit.
1148 2757 1221 2785 679.
1245 2760 1331 2794 pater
1358 2755 1425 2794 ejus
1452 2754 1483 2784 in
1511 2753 1623 2793 proelio
1647 2754 1686 2784 ad

1019 2800 1189 2828 Coroneam
1227 2797 1350 2826 cecidit.
1387 2799 1461 2828 680.
1507 2796 1686 2827 Alcibiades

1019 2841 1154 2879 pupillus
1170 2840 1297 2870 relictus
1316 2840 1464 2870 Periclem
1481 2839 1586 2870 babuit
1602 2844 1684 2869 tuto-

1018 2894 1093 2919 rem,
1121 2884 1316 2913 educatorem
1339 2884 1469 2922 vitaeque
1494 2882 1686 2921 magistrum.

1020 2927 1094 2957 ibid.
1118 2927 1296 2956 adolescens
1318 2936 1336 2955 a
1358 2924 1542 2955 Phormione
1559 2925 1688 2956 Atheni-

1020 2981 1083 3001 ens.
1108 2970 1186 2999 ‹luce
1216 2970 1254 2999 ob
1280 2968 1421 2999 virtutem
1448 2969 1477 2998 in
1504 2968 1611 3009 proelio
1634 2969 1687 2999 ad-
