1914 3314
1026 546 1092 590 Ις.

774 642 1350 703 [ΣΟΚΡΑΤΟΥΣ

561 778 1569 849 HEPTTOYZEYFOYE

1003 902 1076 941 >H
1224 891 1230 895 .

714 1008 846 1045 ΠΕΡΙ
892 1009 1000 1046 ΤΟΥ
1043 1009 1412 1047 ΑΛΚΙΒΙΑΔΟΥ.

250 1112 325 1149 Peg.
994 1136 1119 1142 ...-
1791 1111 1863 1152 Pag.

274 1154 324 1183 ed.
1789 1155 1837 1183 ed.

254 1197 325 1227 Cor.
447 1222 458 1240 Ι
702 1222 716 1242 x
792 1223 816 1244 '3¹
910 1215 939 1236 4„
1016 1224 1027 1242 Ι
1190 1226 1212 1235 Ν
1252 1222 1275 1243 ‘l
1386 1221 1389 1224 Α
1465 1225 1475 1240 e
1550 1225 1560 1238 ,
1631 1224 1642 1238 ‚
1661 1239 1664 1240 ⁷
1740 1223 1751 1242 t
1789 1197 1832 1227 H.
1843 1197 1914 1236 Step

247 1242 324 1278 347
415 1247 447 1273 α
462 1263 471 1272 .
502 1233 641 1275 ΠΕΡΙ
661 1248 740 1292 μεν
768 1247 835 1275 ουν
862 1249 936 1276 του
956 1224 1129 1295 ζευγους
1149 1250 1231 1276 των
1250 1249 1417 1285 ιππων,
1446 1250 1496 1283 ως
1517 1248 1592 1276 ουκ
1609 1240 1771 1287 αφελο-
1788 1243 1864 1279 347

0 1292 75 1365 W

341 1320 462 1367 μενος
502 1297 523 1347 ὅ
557 1298 708 1372 varii?
748 1297 915 1349 Tio-lav
942 1297 1061 1364 εἶχεν
1104 1298 1238 1350 οἱλλοέ
1275 1300 1506 1372 πριάμενος
1540 1299 1665 1373 παραὶ
1700 1300 1773 1360 τῆς

385 1412 668 1442 SUMMARIUM.
684 1412 758 1453 (α’.)
776 1412 946 1442 Exorditmz.
969 1412 1040 1441 Om-

338 1467 396 1486 ‚nes
413 1455 532 1494 quidem
549 1455 724 1484 calumniari
742 1466 787 1484 me
804 1456 913 1490 solent,
924 1465 1044 1493 poenas-

342 1509 402 1537 que
419 1498 606 1537 injuriarum,
623 1508 696 1536 quas
720 1508 737 1526 a
757 1504 843 1536 patre
864 1507 931 1526 meo
955 1498 1043 1527 vobis

1077 1412 1240 1451 acciperet,
1252 1422 1308 1451 ego
1319 1413 1358 1441 ob
1368 1412 1450 1441 illius
1464 1412 1602 1441 exsilium
1613 1412 1772 1451 plecterer.

1077 1453 1141 1495 (ε’.)
1159 1456 1324 1484 Maximam
1335 1459 1434 1484 autem
1443 1455 1484 1483 illi
1495 1455 1612 1484 veniam
1622 1455 1773 1490 tribuetis,

1075 1498 1102 1526 si
1125 1497 1154 1526 in
1179 1499 1307 1528 animum
1329 1498 1559 1538 revocaveritis,
1576 1497 1648 1536 quid
1674 1498 1735 1536 ipsi
1756 1509 1774 1527 a

341 1541 440 1570 illatas
465 1551 533 1569 esse
555 1539 651 1573 aiunt,
667 1551 682 1569 a
706 1550 752 1568 me
777 1541 900 1579 exigere
923 1540 1042 1575 volunt,

342 1594 446 1613 causas
454 1582 590 1621 publicas
600 1582 818 1621 permiscentes
826 1593 891 1612 cum
899 1582 1029 1622 privatis
1038 1594 1046 1621 ;

342 1627 398 1655 sed
416 1625 532 1654 mittam
548 1625 606 1654 hoc
632 1631 767 1664 tempore
790 1626 877 1661 alios,
894 1630 924 1655 et
939 1631 1043 1655 contra

340 1668 434 1699 Tisiae
458 1668 647 1703 calumniam,
673 1668 817 1697 exsilium
844 1668 941 1707 patris
967 1669 1042 1698 mibi

341 1711 452 1750 saepius
479 1711 662 1750 objicientis,
686 1716 808 1750 peracta
832 1711 872 1740 de
898 1721 1042 1750 equorum

338 1756 412 1793 jugo
428 1764 529 1788 causa,
541 1755 625 1792 cujus
642 1764 713 1792 ergo
731 1754 785 1783 liae
799 1753 984 1792 postulabar,
995 1765 1042 1783 me

340 1797 511 1832 defendam,
523 1807 560 1825 ne
574 1796 666 1835 patris
678 1797 930 1826 existimationem
944 1797 1043 1827 minus

342 1850 431 1879 quam
447 1850 512 1868 mea
528 1839 624 1878 ipsius
643 1839 776 1878 pericula
797 1850 902 1869 curare
926 1839 1041 1869 videar.

341 1882 416 1923 (β’.)
443 1883 556 1911 Verum
578 1887 704 1921 propter
722 1882 871 1920 juniores,
894 1882 945 1920 qui
972 1889 1042 1920 post

342 1926 410 1955 illas
433 1936 481 1955 res
503 1925 564 1954 nati
589 1930 669 1960 sunt,
690 1935 738 1954 res
763 1925 819 1954 erit
841 1925 932 1955 altius
952 1935 1040 1964 repe-

343 1968 447 1998 tenda.
471 1965 544 2009 (y'.)
561 1969 662 2006 Quum
675 1968 787 2007 populo
799 1967 912 1998 inimici
925 1973 1041 2006 patrem

345 2021 445 2041 meum
460 2011 497 2040 ad
515 2015 614 2049 partes
630 2021 699 2040 suas
710 2011 826 2040 trahere
837 2021 894 2040 non
908 2016 1041 2048 possent,

346 2054 402 2084 sed
418 2054 532 2093 populo
543 2054 660 2083 fidelem
675 2054 930 2092 viderent,neque
943 2059 1041 2083 tamen

346 2098 408 2127 ulla
423 2101 528 2127 vetera
539 2095 676 2126 instituta
690 2096 758 2126 loco
774 2107 806 2126 se
818 2106 939 2126 movere
950 2106 1041 2135 posse

344 2140 538 2174 confiderent,
556 2139 615 2168 nisi
637 2140 722 2169 illum
747 2150 763 2168 e
783 2139 884 2169 medio
899 2139 1040 2178 sustulisss

344 2188 422 2219 sent,
443 2181 693 2221 gravissimorum
719 2182 863 2212 scelerum
886 2181 1040 2212 insimula-

343 2230 423 2261 runt,
439 2231 469 2255 et
485 2235 538 2264 per
554 2226 729 2260 absentiam,
740 2226 879 2264 quoniam
894 2225 992 2264 primo
1007 2235 1039 2255 se

343 2269 457 2308 optime
471 2268 648 2297 defenderat
662 2273 692 2298 et
707 2268 771 2298 dux
787 2267 815 2297 in
829 2267 962 2298 Siciliam
975 2277 1039 2297 cre-

344 2317 410 2341 atus
427 2316 503 2346 erat,
518 2311 556 2340 de
572 2311 690 2350 integro
712 2321 776 2340 rem
798 2315 969 2346 moverunt,
982 2321 1039 2340 nec

343 2354 427 2392 prius
444 2353 690 2392 conquieverunt,
705 2364 792 2394 quam
813 2358 844 2384 et
864 2359 981 2393 patrem
1001 2354 1038 2383 ab

344 2397 480 2426 exercitu
506 2401 701 2426 revocassent
726 2402 756 2426 et
783 2407 822 2426 ex
845 2398 910 2435 ejus
932 2396 1037 2426 amicis

344 2439 420 2468 alios
443 2439 636 2475 occidissent,
660 2439 736 2470 alios
762 2441 837 2469 urbe
863 2440 1037 2478 ejecissent.

344 2483 519 2520 Quanquam
541 2488 638 2511 autem
665 2482 789 2522 indigue
813 2493 914 2513 secum
938 2486 1037 2512 actum

344 2524 548 2559 existimabat,
575 2525 657 2564 quod
686 2526 792 2555 absens
822 2526 1036 2555 condemnatus

344 2571 438 2602 esset,
453 2578 488 2597 ne
501 2568 545 2596 sic
561 2572 658 2597 tamen
674 2569 709 2597 ad
727 2568 829 2598 hostes
845 2568 973 2602 transiit,
984 2569 1036 2598 sed

344 2608 445 2648 Argos
475 2610 628 2648 profectus
657 2611 749 2640 otium
780 2612 843 2650 egit
871 2615 901 2641 et
930 2611 1037 2640 adver-

345 2653 490 2683 sariorum
514 2653 632 2682 demum
656 2654 813 2683 insolentia
834 2655 870 2683 ad
896 2653 1036 2684 Lacedae-

342 2695 462 2726 monins
474 2696 634 2734 confugere
646 2702 769 2726 coactus
783 2701 840 2727 est.
869 2695 937 2738 (δ’.)
955 2697 1037 2733 Quid

344 2739 451 2768 mirum
459 2738 563 2777 igitur,
571 2748 660 2776 quum
669 2744 726 2768 tam
737 2740 846 2778 injuste
855 2741 926 2770 urbe
934 2740 1037 2779 pulsus

344 2781 446 2816 suerit,
456 2791 522 2810 eum
536 2780 698 2810 Deceleam
709 2788 811 2812 contra
821 2783 1036 2821 rempublicam

344 2824 490 2854 muniisse
504 2828 780 2863 praeceptoremque
797 2826 926 2855 hostium
943 2826 1037 2855 exsti-

346 2866 442 2897 tisse?
466 2866 569 2896 Facile
586 2867 786 2903 ostenderem,
804 2878 870 2897 eum
886 2868 943 2898 alia
955 2870 1038 2906 juste

346 2910 456 2949 egisse,
472 2911 510 2940 de
526 2909 593 2939 aliis
608 2909 720 2948 injuste
738 2910 768 2939 in
791 2910 901 2940 crimen
926 2912 1037 2941 vocari.

345 2953 485 2983 Omnium
511 2957 610 2982 autem
638 2957 718 2983 esset
742 2953 979 2992 injustissimum,
1001 2954 1038 2989 si,

345 3006 436 3036 quum
452 3001 537 3036 pater
552 3005 637 3026 meus
652 3001 722 3035 post
733 2996 871 3026 exsilium
884 2997 1038 3035 praemiuin

1076 1539 1214 1578 Triginta
1235 1540 1314 1580 pulsi
1337 1540 1536 1575 tentaveritis,
1552 1545 1584 1569 ut
1600 1540 1628 1571 in
1646 1540 1773 1579 patriam

1075 1582 1176 1614 redire
1202 1588 1233 1614 et
1255 1583 1294 1612 de
1320 1583 1505 1612 adversariis
1530 1583 1695 1613 vindictam
1721 1594 1773 1613 su—

1075 1635 1157 1655 mere
1181 1626 1324 1665 possetis.
1369 1623 1443 1667 (ς’.)
1467 1625 1532 1664 Ipsi
1556 1626 1660 1665 igitur,
1682 1636 1772 1665 quum

1075 1667 1207 1704 fecistis,
1219 1679 1286 1709 qnae
1302 1673 1386 1708 pater
1402 1678 1498 1704 meus,
1509 1678 1566 1698 non
1582 1668 1772 1698 irascendum

1076 1711 1162 1742 vobis
1178 1711 1236 1742 erit
1251 1712 1291 1747 ei,
1304 1712 1355 1751 qui
1371 1712 1480 1750 quovis
1496 1712 1585 1741 modo
1600 1711 1629 1740 in
1645 1712 1772 1751 patriam

1075 1754 1174 1784 redire
1187 1758 1312 1784 conatus
1325 1758 1369 1783 est
1381 1764 1389 1791 ς
1412 1764 1468 1784 nee
1479 1754 1690 1793 judicandum,
1701 1765 1773 1793 qua-

1075 1796 1113 1826 lis
1134 1797 1225 1827 fuerit
1247 1797 1338 1832 civis,
1360 1807 1420 1835 quo
1444 1801 1579 1835 tempore
1604 1797 1678 1826 nibil
1704 1807 1771 1826 eum

1076 1839 1197 1871 attinuit
1208 1839 1326 1874 civitas,
1336 1840 1391 1869 sed
1402 1839 1663 1874 considerandum,
1674 1839 1772 1879 qualia

1075 1887 1143 1912 ante
1155 1883 1293 1911 exsilium
1305 1884 1381 1911 bona
1391 1882 1421 1911 in
1432 1882 1586 1919 civitatem
1598 1883 1771 1912 contulerit.

1075 1923 1144 1965 (ζ’.)
1167 1925 1382 1955 Recordamini
1409 1935 1511 1963 pori-o,
1535 1929 1695 1964 postquam
1725 1936 1772 1954 re-

1075 1978 1182 1997 versus
1197 1972 1254 2003 est,
1271 1967 1380 2007 quibus
1397 1967 1549 1997 civitatem
1561 1968 1717 1998 beneficiis
1729 1968 1772 1997 af·

1075 2011 1194 2047 secet-it,
1212 2018 1242 2040 et
1263 2021 1321 2050 quo
1340 2021 1438 2040 rerum
1462 2014 1541 2040 statu
1561 2021 1628 2040 eum
1648 2021 1772 2049 recepe·

1075 2053 1154 2083 ritis.
1200 2054 1275 2082 Nam
1290 2053 1318 2082 in
1332 2053 1455 2083 summis
1469 2052 1602 2083 civitatis
1613 2053 1772 2092 angustiis,

1075 2096 1127 2125 ubi
1150 2096 1368 2136 rempublicam
1390 2097 1592 2135 gubernantes
1615 2106 1633 2126 a
1656 2096 1772 2137 po'pulo

1074 2139 1169 2177 magis
1185 2150 1271 2178 quam
1289 2139 1392 2169 hostes
1409 2139 1604 2175 timebantur,
1615 2149 1631 2168 a
1643 2139 1771 2169 ducibus

1073 2181 1377 2220 revocatus,quidvis
1390 2191 1456 2211 eum
1470 2181 1625 2222 republica
1634 2182 1698 2223 pati
1711 2192 1772 2212 ma·

1072 2225 1141 2260 luit,
1151 2226 1238 2264 quam
1251 2235 1316 2254 cum
1330 2224 1568 2254 Lacedaemoniis
1577 2224 1771 2254 felicissimus

1072 2277 1152 2304 esse,
1163 2268 1344 2306 planumque
1357 2266 1495 2297 omnibus
1504 2267 1648 2303 reddidit,
1663 2277 1695 2297 se
1707 2268 1770 2297 bel-

1072 2310 1134 2340 lum
1155 2310 1289 2349 gessisse
1310 2319 1368 2339 non
1390 2315 1495 2339 contra
1514 2319 1580 2346 vos,
1597 2306 1651 2340 s'ed
1667 2316 1772 2341 eontra
1798 2308 1800 2314 ¹

1071 2353 1207 2382 inimicos
1220 2363 1300 2383 suos.
1331 2353 1496 2382 Vobiscum
1509 2362 1580 2382 vero
1592 2354 1770 2392 conjunctus

1071 2396 1169 2425 omnia
1179 2396 1210 2425 in
1221 2396 1368 2434 integrum
1378 2396 1510 2425 restituit
1520 2396 1693 2435 populoque
1702 2397 1771 2426 red·

1070 2439 1149 2468 didit
1165 2439 1343 2468 libertatem.
1367 2439 1467 2477 Atque
1479 2448 1569 2477 quum
1583 2443 1684 2469 nostra
1696 2439 1770 2469 civi-

1070 2487 1115 2511 tas
1130 2482 1190 2512 illis
1207 2482 1394 2520 temporibus
1410 2481 1539 2520 plurima
1560 2481 1667 2521 proelia
1689 2491 1770 2511 com-

1070 2524 1165 2560 misit,
1189 2535 1336 2563 nunquam
1366 2530 1451 2563 patre
1476 2534 1542 2554 meo
1564 2524 1642 2554 duce
1665 2524 1770 2554 hostes

1071 2572 1216 2606 trop-acum
1244 2568 1392 2597 adversus
1417 2577 1471 2596 nos
1490 2571 1662 2597 erexerunt.
1700 2565 1769 2607 (η’.)

1071 2611 1220 2647 Quoniam
1237 2621 1310 2640 vero
1325 2610 1353 2638 in
1375 2610 1520 2648 reliquam
1541 2619 1659 2649 quoque
1674 2610 1770 2649 patris
1801 2645 1808 2649 ν

1072 2654 1161 2682 vitam
1183 2654 1347 2682 insolenter
1364 2652 1453 2682 nimis
1472 2656 1503 2681 et
1524 2651 1708 2682 confidenter
1725 2652 1771 2682 in-

1071 2696 1220 2726 vehuntur
1240 2696 1333 2735 idque
1356 2696 1417 2726 sibi
1434 2695 1519 2734 -epud
1535 2705 1588 2725 vos
1608 2694 1690 2724 laudi
1706 2695 1770 2726 sore

1070 2739 1260 2775 arbitrantur,
1283 2737 1360 2779 (θ’.)
1375 2738 1414 2767 de
1427 2737 1560 2767 moribus
1575 2737 1641 2775 ejus
1657 2747 1691 2767 ao
1707 2742 1771 2768 stu-

1069 2781 1141 2818 diis,
1155 2792 1187 2811 re
1203 2781 1304 2820 paullo
1319 2780 1408 2821 altius
1422 2780 1552 2818 repetita
1566 2782 1771 2820 majorumque

1071 2825 1147 2854 sacta
1169 2823 1320 2854 mentione
1343 2823 1434 2853 verba
1456 2822 1556 2852 facere
1579 2823 1679 2863 cupio.
1711 2823 1773 2864 (ι’.)

1072 2868 1098 2897 E
1122 2868 1214 2897 nobili
1241 2866 1439 2896 patriciorum
1464 2870 1552 2904 gente
1578 2871 1663 2896 ortus
1683 2872 1771 2906 pater

1072 2915 1235 2940 maternum
1250 2919 1344 2948 genus
1359 2909 1396 2939 ab
1412 2907 1640 2944 Alcmaeonidis‚
1653 2909 1771 2940 divitiis

1072 2963 1107 2982 ao
1127 2951 1234 2992 populi
1256 2961 1357 2982 amore
1375 2951 1555 2990 insignibus,
1576 2951 1684 2989 duxit;
1708 2953 1771 2991 qui,

1073 3005 1238 3035 quanquam
1261 3005 1328 3025 oum
1347 2994 1508 3025 Pisistrato
1532 2995 1652 3033 cognati
1676 3000 1772 3031 eraut,
