1914 3314
661 179 1124 235 ΑΡΧΙΔΑΜΟΣ.

1509 171 1617 230 295

183 293 476 369 τωννεῶτεξος
500 294 555 345 ὢν
575 295 874 369 παρελήλυθα
897 293 1257 366 συμβουλεύσων.
1284 291 1374 358 ἐγὼ
1399 289 1461 356 δὲ,
1488 291 1527 345 εἶ
1542 291 1621 363 μέν

167 370 253 429 ’τὶς
276 367 446 427 Ῑίέλλος
481 369 563 421 τῶν
598 368 838 440 εἰθισμένων
854 428 858 432 .
873 368 912 421 ἐν
946 369 1045 438 ύμῖν
1070 365 1285 442 οἷγοξεύερν
1309 364 1447 436 οἷξίῳς
1465 365 1521 436 {a
1545 366 1624 427 τῆς

750 467 760 487 ¹
783 467 869 501 ἄλλος
883 478 942 498 om.
956 467 996 498 A.
1012 467 1049 497 L.

184 547 465 578 commemorantes,
484 552 539 572 nos
560 542 619 572 sibi
640 543 824 581 respondere
836 543 885 581 jn·

184 585 287 619 beant,
309 586 418 622 quibus
448 585 569 615 auxiliis
592 585 675 620 freti,
699 585 886 625 suscipiendi

187 628 271 658 vobis
300 628 372 657 belli
402 633 538 658 auctores
569 629 672 658 simus.
703 627 794 669 (ag-¹.)
820 628 886 666 Ego

188 680 262 700 vero
272 674 303 699 et
313 671 460 709 justitiam
472 676 502 700 et
514 672 635 700 deorum
650 671 887 700 benevolentiam

188 719 218 743 et
249 714 355 742 bonam
380 713 556 752 reipublicae
586 714 888 749 administrationem,

189 766 257 785 cum
270 755 383 785 civium
398 757 512 794 pudore
522 767 556 785 ac
567 757 675 786 virtute
687 758 888 794 conjunctam,

190 798 301 828 delicta
324 798 454 837 denique
487 799 616 828 hostium
643 799 774 828 maxima
801 800 889 828 nobis

190 851 286 878 eaque
301 841 414 879 optima
429 841 540 870 auxilia
552 841 651 870 futura
668 851 733 870 esse
749 841 889 870 arbitror.

191 882 279 924 (κζ’.)
289 884 367 912 Tum
382 888 414 912 et.
429 883 548 913 externi
560 883 658 918 multi,
669 883 890 921 opinor,Athe-

191 926 322 959 nienses,
348 925 478 964 inquam,
500 929 530 954 et
561 925 740 963 reliquarum
772 924 889 953 urbium

191 967 354 1002 nonnullae,
383 977 437 995 nec
462 977 519 996 non
552 967 718 1005 Dionysius
745 971 890 1006 tyrannus

190 1009 379 1048 AEgyptique
396 1019 449 1038 rex
466 1010 629 1048 caeterique
642 1010 724 1038 Asiae
736 1009 890 1049 principes

192 1052 257 1082 suis
273 1062 358 1090 aeque
371 1062 406 1081 ac
418 1052 529 1081 nostris
543 1052 711 1082 commodis
725 1052 892 1081 consulent.

192 1093 278 1136 (κη’.)
303 1095 443 1134 Reliquae
470 1105 557 1134 porro
588 1095 793 1134 Peloponnesi
816 1094 892 1124 civi-

190 1142 280 1173 tates,
300 1142 361 1167 tum
384 1137 576 1176 insigniores,
599 1143 661 1168 tum
685 1137 891 1176 ignobiliores,

192 1180 333 1211 maximis
358 1181 414 1210 boc
441 1185 576 1220 tempore
603 1181 824 1210 calamitatibus
849 1181 893 1210 af-

193 1224 292 1259 flictae,
309 1223 366 1253 etsi
383 1233 441 1253 uon
453 1223 550 1262 prins,
570 1234 647 1254 nunc
670 1224 775 1254 saltem
791 1234 891 1253 rerum

193 1266 391 1296 maximarum
407 1277 508 1296 curam
525 1267 686 1297 habebunt.
708 1265 793 1307 (xe‘.)
805 1267 895 1296 Licet

193 1313 291 1339 autem
316 1309 389 1338 nihil
411 1309 516 1339 borum
541 1310 685 1345 eveniret,
707 1321 764 1349 ego
783 1315 894 1344 tamen.

194 1356 226 1382 et
239 1353 383 1391 majorum
400 1356 431 1382 et
442 1353 523 1391 juris
540 1353 636 1382 nostri
651 1352 822 1382 reverentia
837 1352 893 1382 du-

195 1400 275 1430 ctus,
298 1395 336 1424 de
361 1395 509 1425 sententia
544 1396 623 1425 baud
655 1395 833 1426 decederem
864 1399 895 1425 et

196 1438 298 1467 omnia
323 1437 394 1467 belli
419 1437 553 1476 pericula
568 1438 676 1477 ‘potius
703 1439 895 1476 sustinerem,

196 1490 284 1519 quam
307 1479 463 1519 pactiones
484 1486 544 1510 tam
568 1487 674 1520 turpes
693 1481 813 1521 inirem,
827 1491 894 1511 eos-

197 1533 266 1562 que,
279 1523 329 1561 qui
346 1523 498 1553 civitatem
509 1528 637 1553 nostram
649 1523 771 1553 laudare
785 1523 895 1560 solent,

197 1565 345 1595 mendacii
381 1576 548 1604 arguerem.
587 1564 660 1606 (λ’.)
691 1567 896 1596 Miserandam

195 1609 271 1638 banc
296 1613 427 1638 nostram
456 1608 658 1638 conditionem
686 1609 789 1639 hostes
815 1610 896 1639 vitiis

197 1652 408 1687 emendabunt,
431 1652 511 1690 quod
536 1651 594 1680 nisi
614 1651 659 1691 fit,
680 1652 754 1682 dura
775 1653 896 1692 quidem

197 1698 278 1729 sunt,
303 1703 371 1733 quae
398 1695 542 1728 suadebo,
573 1695 625 1724 sed
655 1695 760 1724 animis
787 1695 898 1725 nostris

197 1737 347 1775 digniora,
375 1747 462 1775 quam
494 1737 594 1776 qualia
623 1738 724 1767 caeteri
760 1739 897 1768 suadent.

198 1779 291 1819 (λα’.)
309 1780 453 1809 Parentes
478 1785 596 1809 nostros
611 1790 678 1809 curn
701 1781 847 1810 uxoribus
863 1791 899 1809 ac

199 1823 305 1852 liberis
321 1822 525 1861 reliquamque
542 1823 676 1852 inutilem
690 1824 770 1852 bello
783 1824 899 1853 turbam

198 1865 228 1895 in
244 1865 314 1895 loca
329 1870 393 1894 tuta
405 1866 666 1904 transportandam
680 1876 748 1896 esse
757 1867 899 1901 arbitror,

199 1907 326 1946 reliquis
347 1914 445 1938 autem
463 1908 535 1937 viris
550 1909 707 1938 castellum
730 1909 788 1938 erit
811 1919 900 1938 occu-

202 1950 351 1989 pandum,
374 1961 413 1980 ex
445 1961 504 1989 quo
528 1951 630 1981 hostes
663 1956 742 1981 terra
767 1952 901 1991 marique

202 1993 315 2023 tamdiu
331 1993 478 2032 diripiant
497 2003 532 2023 ac
556 1994 719 2029 iuvesteut,
736 1996 831 2032 quoad
849 2005 901 2024 no·

204 2041 267 2065 stra
281 2035 340 2065 sibi
358 2035 526 2065 vindicasse
543 2047 597 2066 eos
606 2030 762 2076 *poeniteat
777 2044 807 2067 et
823 2038 902 2068 ultro

202 2088 307 2118 pacem
319 2084 431 2118 petant.
455 2078 548 2119 (λΒ’.)
563 2080 665 2109 Talem
675 2085 774 2109 autern
791 2091 902 2121 vagan-

202 2126 262 2151 tem
285 2121 464 2156 exercitum,
482 2122 531 2160 qui
545 2122 643 2152 omnia
658 2123 735 2158 loca,
753 2123 832 2153 bello
848 2134 901 2162 op-

203 2169 343 2202 portuna,
366 2164 492 2202 patriam
515 2165 614 2200 babet,
637 2166 767 2195 maxime
784 2167 903 2196 terribi-

204 2207 261 2236 lem
277 2207 341 2236 sore
357 2212 442 2246 puto,
458 2208 530 2246 quia
544 2208 661 2244 damna,
679 2209 789 2247 quibus
812 2210 902 2239 affici-

204 2254 292 2279 entur
306 2249 421 2285 hostes,
438 2250 567 2280 reddere
576 2261 634 2280 non
650 2257 800 2291 poterunt.
812 2251 905 2293 (λγ’.)

203 2293 246 2322 At
258 2292 283 2322 si
298 2292 426 2322 fortasse
442 2292 472 2322 in
489 2303 577 2323 uuum
593 2294 716 2324 collecti
733 2295 836 2326 hostes
848 2306 903 2326 nos

204 2335 389 2370 adoriantur,
399 2335 485 2370 nibil,
498 2340 584 2374 puto,
597 2338 762 2376 optabilius
773 2338 904 2374 eveniet,

205 2387 295 2417 quam
325 2382 358 2407 ut
380 2377 518 2408 cominus
538 2378 568 2408 iu
599 2380 694 2410 aciem
717 2381 904 2411 descendant

205 2419 399 2459 incompositi
421 2420 565 2456 homines,
581 2427 612 2452 et
625 2433 664 2453 ex
681 2424 812 2454 colluvie
831 2435 905 2464 qua·

205 2465 274 2493 dam
286 2463 418 2497 conflati,
431 2468 461 2492 et
472 2474 490 2493 a
505 2463 606 2494 multis
621 2466 704 2496 ducti
717 2467 903 2507 imperatori-

205 2507 273 2536 bus.
295 2505 383 2545 (λῖ.)
395 2505 509 2536 Verum
529 2507 650 2546 quidem
667 2514 724 2544 est,
739 2520 792 2539 nos
807 2520 905 2549 neque

207 2549 290 2578 urbis
306 2548 512 2588 magnitudine
534 2560 631 2589 neque
651 2552 843 2583 multitudiue
860 2553 905 2582 vi-

206 2602 307 2622 rorum
332 2591 458 2630 reliquis
488 2593 679 2629 antecellere,
703 2599 800 2624 tamen
829 2595 905 2626 illud

206 2638 337 2671 wnstat,
351 2635 432 2673 quod
452 2641 556 2665 nostra
574 2637 746 2676 respublica
759 2638 906 2668 exercitui

207 2676 315 2707 similis
335 2681 381 2707 est
396 2677 474 2707 bene
496 2678 634 2708 instituto
654 2688 689 2709 ac
707 2680 837 2711 ducibus
854 2691 906 2720 pa-

205 2730 273 2750 rere
289 2720 415 2749 volenti.
435 2720 526 2760 (λε’.)
550 2722 650 2752 Parva
665 2732 754 2752 manu
776 2725 907 2762 majores

208 2761 302 2792 nostri
313 2763 387 2792 hauc
396 2763 548 2801 regionem
560 2770 782 2804 expugnarunt.
813 2766 908 2796 Athe-

210 2804 329 2834 nienses
353 2815 409 2844 pro
434 2806 560 2837 aliorum
589 2808 730 2838 libertate
752 2808 907 2847 regionem

211 2856 295 2877 suam
311 2847 518 2884 deseruerunt,
534 2855 624 2889 atque
641 2851 774 2886 Pbocaei,
786 2857 819 2881 ut
835 2852 908 2881 Per-

212 2898 310 2919 sarum
342 2890 423 2930 regis
454 2892 688 2923 dominationem
730 2894 908 2934 effugerent,

213 2931 286 2961 Asia
298 2931 414 2968 relicta,
431 2935 598 2966 Massiliam
621 2937 832 2967 condiderunt.
856 2938 908 2968 In-

213 2974 422 3013 dignissimum
437 2977 530 3016 igitur
545 2984 574 3008 et
593 2979 725 3010 maxime
745 2980 907 3010 ridiculum

919 547 1011 577 esset,
1021 541 1078 571 nisi
1095 551 1159 576 uos,
1170 551 1207 571 ne
1221 551 1277 581 pro
1292 546 1395 571 nostra
1404 541 1524 581 quidem
1535 541 1624 582 ipsu-

920 595 986 615 rum
1014 585 1111 614 salute
1132 585 1236 614 urbem
1256 585 1425 624 relinquere
1444 586 1624 615 auderemus

921 632 952 657 et
972 627 1010 657 iis
1031 627 1108 666 ipsis
1130 638 1237 666 parere
1265 627 1494 663 sustineremus,
1511 629 1622 667 quibus

921 675 1008 700 antea
1027 680 1147 709 semper
1170 669 1394 710 imperavimus.
1417 669 1510 711 (λς’.)
1529 670 1624 710 Atqui

921 714 986 742 baec
999 723 1057 742 nou
1073 713 1144 743 ideo
1160 712 1238 748 dixi,
1253 713 1338 752 quasi
1353 713 1431 743 nulla
1447 714 1506 742 alia
1520 715 1559 743 ad
1575 724 1624 743 sa-

921 757 1014 785 lutem
1038 755 1087 785 via
1107 761 1293 794 superesset,
1317 757 1371 785 sed
1395 761 1426 786 ut
1450 757 1623 786 acerbiores

923 798 1012 827 etiam
1038 798 1223 827 calamitates
1250 798 1421 837 perferatis,
1446 798 1624 838 priusquam

922 841 976 869 bas
991 841 1029 869 de
1046 840 1174 869 Mesene
1188 841 1378 870 conditiones
1390 841 1508 871 ineatis.
1532 840 1624 881 (λζ’.)
1662 849 1670 855 ’

922 883 1032 920 Neque
1053 892 1126 911 vero
1150 887 1209 911 tam
1233 883 1345 921 cupide
1366 893 1422 912 vos
1448 884 1486 912 ad
1511 883 1624 913 bellum

923 924 1101 958 excitarem,
1126 923 1184 953 nisi
1207 924 1319 953 firmam
1345 935 1380 954 ac
1400 925 1532 965 pulcram
1554 926 1624 955 iude

922 976 1029 1005 pacem
1059 976 1240 996 emersuram
1270 967 1414 1002 viderem,
1446 978 1513 1006 quae
1544 967 1626 997 nulla

923 1019 1050 1048 prorsus
1073 1019 1139 1038 esse
1161 1006 1272 1048 potest,
1297 1009 1324 1038 si
1347 1010 1448 1039 urbem
1470 1015 1625 1050 potentem

924 1052 1032 1082 factam
1056 1051 1187 1081 vicinam
1209 1052 1364 1088 babemus,
1385 1052 1415 1082 iu
1440 1063 1499 1091 qun
1524 1053 1626 1082 hostes

924 1104 1030 1124 servos
1054 1099 1173 1124 nostros
1200 1095 1399 1125 collocarunt.
1441 1093 1530 1137 (λη’.)
1550 1097 1626 1134 Quae

925 1141 1025 1167 autem
1039 1147 1130 1167 causa
1142 1143 1199 1172 est,
1208 1148 1274 1177 quae
1286 1148 1339 1167 nos
1351 1136 1447 1175 magis
1461 1139 1497 1168 ad
1516 1139 1625 1168 bellu-

925 1180 1060 1219 instiget,
1078 1191 1164 1220 quam
1187 1181 1267 1220 quod
1291 1181 1427 1211 Thebani
1449 1187 1559 1221 praeter
1577 1182 1628 1220 J'us

927 1223 1013 1252 nobis
1041 1223 1200 1262 imperant,
1226 1234 1329 1262 agrum
1358 1224 1501 1263 eripiunt,
1525 1234 1628 1254 servos

925 1266 1147 1301 manumittunt,
1157 1277 1271 1305 eosque
1282 1267 1313 1296 in
1329 1277 1403 1306 agro
1419 1272 1521 1297 nostro
1535 1267 1629 1297 collo-

926 1313 994 1338 cant
1006 1313 1079 1343 etc„
1091 1320 1144 1349 pro
1159 1309 1271 1348 quibus
1287 1320 1344 1339 non
1360 1310 1438 1340 bella
1454 1310 1563 1346 solum,
1575 1309 1629 1339 sed

926 1351 1046 1387 exsilia,
1055 1353 1107 1382 sed
1120 1357 1245 1382 mortem
1258 1353 1489 1393 perpetiendam
1502 1363 1571 1383 esse
1582 1363 1630 1383 ar·

927 1395 1033 1425 bitror.
1061 1393 1146 1435 (λθ’.)
1167 1396 1237 1425 Non
1255 1401 1366 1432 antem,
1381 1396 1454 1436 quid
1468 1396 1560 1426 sociis
1575 1406 1631 1426 ex·

926 1437 1041 1477 pediat,
1050 1437 1218 1468 faciendum
1232 1442 1289 1474 est,
1298 1438 1353 1468 sed
1365 1437 1435 1478 quid
1450 1449 1504 1469 nos
1516 1444 1632 1469 nostra·

928 1491 987 1520 que
1006 1481 1142 1511 facinora
1163 1482 1282 1517 deceat,
1297 1482 1512 1520 reputandum,
1525 1482 1568 1511 ita
1586 1487 1631 1517 ut,

929 1523 987 1553 nisi
1011 1534 1078 1553 cum
1103 1524 1259 1554 honestate
1287 1525 1401 1554 servari
1425 1524 1528 1559 liceat,
1552 1535 1631 1554 mors

929 1565 1017 1596 nobis
1030 1565 1120 1596 saluti
1131 1567 1338 1606 anteponenda
1351 1567 1402 1602 sit,
1413 1567 1526 1607 quippe
1538 1577 1631 1606 quum

929 1609 1052 1648 ignavia
1074 1619 1130 1638 non
1155 1609 1255 1639 minus
1277 1609 1307 1639 in
1330 1610 1469 1640 consiliis
1489 1621 1577 1648 quam
1600 1610 1632 1640 in

931 1651 1048 1692 proeliis
1064 1656 1221 1691 appareat.
1265 1650 1344 1692 (μ’.)
1367 1653 1465 1691 Atque
1481 1653 1509 1682 in
1524 1652 1632 1692 primis

932 1695 1100 1724 cavendum
1118 1701 1176 1731 est,
1191 1705 1228 1724 ne
1250 1695 1322 1735 quid
1345 1695 1517 1735 respublica
1540 1696 1635 1725 dede-

933 1737 1014 1767 coris
1030 1737 1170 1772 traxerit,
1181 1748 1288 1776 neque,
1301 1748 1391 1777 quum
1407 1738 1566 1777 imperium
1581 1748 1636 1767 uo-

935 1780 983 1810 bis
997 1779 1267 1816 vindicaverimus,
1282 1781 1428 1820 imperata
1448 1781 1573 1810 aliorum
1592 1781 1636 1810 fa-

934 1824 1048 1852 ciamus
1064 1828 1238 1862 tantumque
1254 1825 1456 1862 degenerasse
1478 1823 1638 1853 videamur

935 1875 952 1894 a
968 1865 1133 1904 majoribus
1154 1866 1277 1902 nostris,
1294 1871 1336 1902 ut,
1351 1867 1424 1896 dum
1443 1867 1487 1896 illi
1510 1871 1637 1896 mortem

935 1914 1082 1947 oppetere
1097 1919 1155 1938 nou
1171 1914 1359 1945 recusarunt,
1376 1919 1434 1948 quo
1450 1909 1518 1939 aliis
1539 1909 1638 1948 impe-

934 1956 1011 1987 rent,
1023 1961 1076 1980 uos
1093 1961 1129 1981 ne
1144 1962 1200 1991 pro
1216 1952 1354 1982 libertate
1369 1952 1490 1991 quidem
1503 1951 1638 1991 pericula

935 1994 1019 2024 adire
1032 2004 1089 2024 nou
1103 1995 1276 2025 audeamus.
1306 1994 1406 2036 (μα’.)
1432 1995 1638 2034 Deinde‚quis

937 2042 1068 2066 nostruin
1091 2037 1129 2066 ad
1151 2038 1325 2077 Olympiam
1346 2038 1479 2077 aliosque
1501 2038 1637 2068 celebres

936 2084 1104 2110 conventus
1117 2081 1263 2111 accedere
1277 2081 1440 2120 suscipiet,
1454 2082 1496 2110 ita
1512 2085 1582 2110 tunc
1597 2082 1639 2111 ob

935 2122 1085 2162 ignaviam
1106 2124 1298 2162 conspicuus,
1315 2129 1347 2153 ut
1362 2130 1448 2153 autea
1469 2123 1582 2154 virtute
1602 2124 1640 2153 il-

935 2166 1053 2202 lustris,
1070 2166 1266 2196 acerbissima
1286 2166 1424 2196 convicia
1439 2177 1455 2196 e
1472 2166 1570 2197 servis
1585 2177 1639 2196 no-

937 2209 1008 2238 stris
1025 2209 1194 2242 auditurus,
1209 2210 1259 2248 qui
1275 2210 1382 2239 fastum
1400 2209 1486 2239 nobis
1497 2216 1535 2239 'et
1554 2220 1637 2240 ano-

937 2252 1067 2291 gantiam
1084 2252 1238 2290 objicient,
1254 2252 1405 2291 ingenium
1423 2263 1495 2282 vero
1513 2262 1548 2282 ac
1568 2263 1638 2292 gra-

937 2296 1059 2325 vitatem
1077 2295 1311 2333 abjudicabunt?
1348 2293 1450 2336 (pff.)
1474 2295 1638 2325 Imitemiui

936 2337 1031 2376 igitur
1056 2339 1185 2377 majores
1207 2343 1338 2372 vestros,
1359 2348 1483 2377 quorum
1507 2338 1637 2368 virtutes

937 2390 1026 2410 nemo
1046 2380 1148 2410 verbis
1168 2391 1329 2420 exaequare
1347 2381 1455 2420 possit,
1469 2392 1566 2421 neque
1582 2392 1637 2411 ex-

936 2423 1092 2462 spectetis,
1110 2424 1180 2453 dum
1200 2424 1252 2453 alii
1275 2423 1362 2453 malis
1382 2424 1491 2454 vestris
1510 2424 1639 2454 medici-

936 2476 1003 2496 nam
1025 2466 1197 2503 adhibeant,
1219 2467 1273 2497 sed
1296 2477 1364 2506 quae
1384 2467 1477 2497 vobis
1498 2477 1638 2502 evenere,

937 2510 1041 2538 eadem
1062 2509 1122 2548 ipsi
1144 2511 1321 2549 propulsare
1342 2510 1502 2542 studeatis.
1537 2509 1640 2551 (μγ’.)

939 2552 1100 2590 Principes
1118 2553 1174 2582 hoc
1193 2558 1328 2593 tempore
1349 2553 1477 2583 Graeciae
1496 2553 1638 2584 civitates

937 2605 996 2624 non
1012 2605 1088 2634 pace
1103 2596 1141 2625 ad
1154 2595 1228 2625 hauc
1242 2596 1477 2634 magnitudinem
1492 2606 1640 2636 pervene-

938 2642 1019 2673 runt,
1035 2637 1091 2667 sed
1106 2638 1263 2677 pristinam
1277 2639 1454 2678 dignitatem
1470 2639 1543 2669 belli
1560 2639 1639 2669 cala-

939 2680 1095 2710 mitatibus
1105 2687 1330 2721 recuperarunt.
1359 2682 1485 2712 Illarum
1497 2687 1530 2711 ut
1539 2682 1639 2721 splen-

939 2724 1045 2753 dorem
1071 2733 1280 2764 assequamur,
1309 2735 1405 2765 neque
1437 2724 1509 2754 vitae
1528 2735 1639 2764 ·neque

939 2767 1064 2796 aliarum
1079 2777 1176 2798 rerum
1194 2768 1247 2798 ulli
1269 2778 1394 2808 parcere
1416 2768 1573 2802 debemus,
1587 2777 1639 2796 co-

938 2809 1070 2848 gitantes
1098 2816 1255 2849 praeterea,
1279 2821 1384 2841 omnes
1411 2811 1482 2840 huic
1505 2809 1637 2840 concilio

940 2852 1096 2883 attendere
1112 2859 1143 2883 et
1154 2854 1226 2893 quid
1241 2858 1390 2884 statuatur
1402 2853 1514 2893 cupide
1526 2862 1638 2891 exspe-

940 2899 1033 2925 ctare.
1066 2895 1166 2937 (μγ.)
1189 2897 1309 2934 Quodsi
1323 2898 1363 2928 ob
1378 2902 1512 2927 nostrum
1523 2896 1574 2934 jus
1591 2900 1638 2924 tu·

940 2938 1049 2968 endum
1065 2946 1190 2970 mortem
1205 2944 1350 2979 oppetere
1370 2950 1427 2969 non
1448 2938 1638 2968 recusaveri-

941 2991 1018 3017 mus,
1040 2992 1098 3012 nou
1127 2988 1242 3013 tautum
1269 2983 1369 3016 laude,
1397 2982 1448 3011 scd
1477 2980 1639 3010 securitate
