1914 3314
239 210 320 250 330
794 208 1120 250 BERGMANI

242 323 394 373 ingenii,
419 322 557 370 quibus
580 321 743 370 majores
775 322 1045 366 excelluerunt,
1079 322 1144 359 sed
1175 335 1196 358 a
1223 322 1360 370 quibus
1393 327 1423 369 ξ.
1443 326 1516 369 λγ’.
1548 334 1676 358 eorum

241 384 385 433 posteri
406 384 442 420 h.
461 396 495 419 e.
515 383 572 420 sui
600 383 768 434 {equales
799 385 962 434 turpiter
987 384 1325 432 degeneraverant,
1345 383 1396 420 ita
1417 391 1457 421 ut
1482 383 1555 420 illae
1585 383 1677 433 ipsis

241 444 422 482 dedecori
442 452 592 482 essent:
627 447 730 495 qnod
751 446 841 483 dum
871 446 949 494 agit
979 459 1017 482 se
1044 446 1167 494 ipsum
1188 457 1319 481 eorum
1340 457 1496 481 numero
1516 457 1591 481 non
1612 457 1677 481 ex-

241 504 377 549 cludit,
400 505 463 542 sed
498 505 651 543 invidiae
678 507 896 544 minuendae
926 519 1045 544 causa
1074 519 1140 556 per
1168 508 1334 542 κοίνωσιν
1363 505 1486 554 prima
1513 518 1678 555 persona

243 566 362 603 utitur
385 569 501 614 ἡμεῖς.
559 567 654 604 Mox
684 574 808 604 tamen
839 568 901 605 isti
921 567 1202 616 vituperationi,
1229 579 1275 604 ne
1297 566 1535 616 propositum
1565 567 1678 616 plane

241 627 446 672 desereret,
461 626 536 664 tine
565 628 754 677 imposito,
772 628 973 678 perorandi
993 627 1141 664 initium
1162 627 1254 664 facit
1273 630 1303 674 ἓ.
1320 626 1388 664 λδ’.
1416 633 1548 676 atque,
1577 626 1677 664 utilis

241 694 279 724 et
298 686 403 723 noxii
419 687 563 724 ratione
579 688 684 734 inita,
704 689 926 738 aggreditur
942 690 1091 726 brevem
1106 688 1429 738 comparationem
1449 688 1530 725 sive
1549 691 1678 737 potius

242 749 566 798 ἀνακεφαλαίωσιν
597 748 876 798 praecipuorum
916 749 1218 793 commodorum,
1258 761 1345 798 quae
1377 748 1545 798 prudens
1582 747 1679 797 reip.

243 807 367 844 forma
387 808 647 856 majorumque
668 808 870 858 disciplina
890 809 1034 847 civitati
1054 809 1142 846 olim
1163 809 1381 854 attulerant,
1402 808 1679 846 calamitatum-

245 882 320 918 que
340 876 380 906 et
397 869 666 919 periculorum,
687 882 851 920 quorum
871 884 1039 920 praesens
1058 883 1234 920 perversa
1255 883 1381 907 rerum
1400 869 1680 908 administratio

243 936 281 966 et
300 930 449 979 ignavia
469 931 606 968 civium
627 944 753 968 causae
775 932 995 969 exstiterant
1015 936 1046 979 ξ.
1063 931 1112 968 λε’
1126 933 1255 978 -λη’.
1297 931 1496 968 Postremo
1517 930 1678 976 consilii,

244 1003 322 1039 quo
342 991 390 1028 ad
408 991 613 1029 dicendum
635 992 841 1041 prodierat,
860 993 964 1030 brevi
983 992 1085 1030 facta
1105 992 1398 1042 significatione,
1418 999 1456 1029 et
1473 1005 1510 1029 re
1524 991 1678 1040 judicio

241 1053 559 1103 Areopagitarum
582 1054 795 1099 commissa,
829 1057 893 1105 qui
923 1054 1026 1105 quod
1048 1055 1234 1105 optimum
1253 1054 1402 1105 civitati
1417 1054 1511 1104 ipsis
1531 1053 1678 1091 videre-

241 1121 303 1151 tur
321 1114 516 1165 eligerent,
537 1115 691 1153 dicendi
711 1115 823 1154 finem
844 1116 935 1154 facit
954 1121 985 1164 ξ.
1006 1116 1072 1154 My,

293 1176 612 1226 comparationes
631 1177 715 1226 ejus
737 1178 899 1228 generis,
923 1179 1025 1228 quod
1049 1184 1241 1228 postremo
1268 1179 1355 1216 loco
1375 1177 1552 1222 diximus,
1572 1176 1675 1227 apud

242 1236 425 1274 Oratores
445 1251 518 1274 uon
540 1245 628 1276 sunt
646 1239 918 1288 infrequentes.
976 1239 1096 1276 Simili
1117 1247 1196 1277 arte
1219 1252 1306 1276 usus
1321 1246 1379 1276 est
1396 1238 1678 1276 Demosthenes

242 1297 402 1348 Olynth.
424 1298 498 1335 III.
519 1302 550 1345 ξ.
573 1299 616 1345 η’,
638 1312 726 1348 sqq.
756 1308 793 1337 et
813 1302 894 1350 περὶ
915 1300 1118 1345 συνπάξεως
1139 1304 1169 1347 ξ.
1192 1297 1226 1336 ι’.
1259 1301 1454 1351 Lycurgus
1473 1299 1561 1337 adv.
1583 1300 1679 1336 Leo·

243 1365 385 1396 cratem
406 1371 444 1408 p.
467 1362 553 1397 126.
571 1366 609 1397 et
625 1373 709 1411 sqq.
733 1361 898 1398 contulit
919 1368 1085 1398 veterum
1106 1368 1319 1411 temporum
1341 1360 1576 1407 felicitatem,
1592 1372 1680 1398 cum

242 1418 386 1456 infelici
402 1426 438 1456 et
457 1420 581 1457 servili
600 1421 764 1458 civitatis
781 1422 1023 1459 Atheniensis
1046 1423 1238 1469 totiusque
1258 1423 1427 1459 Graeciae
1443 1422 1679 1467 conditione,

243 1493 331 1530 quae
357 1493 526 1531 pugnam
547 1482 841 1520 Chaeronensem
864 1489 921 1520 est
942 1492 1161 1521 consecuta.
1219 1484 1317 1527 Quae
1343 1483 1429 1520 loca
1457 1496 1545 1521 cnm
1569 1496 1680 1532 argu-

243 1547 371 1578 mento
391 1541 505 1590 hujus
521 1543 704 1580 orationis
723 1544 945 1590 contulisse,
966 1556 1094 1593 operae
1113 1544 1273 1594 pretium
1290 1544 1418 1581 fuerit.

297 1603 479 1652 Superest
508 1603 619 1640 tertio
649 1604 736 1641 loco
766 1604 959 1643 difficilior
985 1605 1150 1655 quaestio
1183 1605 1232 1642 de
1252 1605 1456 1655 Tempore,
1484 1605 1576 1652 sive,
1604 1617 1683 1654 quo

244 1664 365 1701 aetatis
394 1677 494 1701 anno
523 1678 606 1702 eam
641 1667 850 1705 orationem
884 1668 1077 1718 scripserit
1106 1668 1300 1705 Isocratis.
1346 1668 1454 1705 Nihil
1475 1668 1546 1706 hac
1565 1667 1614 1705 de
1644 1680 1684 1705 re

244 1730 402 1771 veteres,
421 1737 545 1774 pauca
563 1726 795 1764 recentiores
817 1728 853 1764 in
874 1727 1040 1765 medium
1063 1729 1298 1766 attulerunt:
1330 1733 1372 1765 ut
1391 1741 1438 1765 ex
1452 1728 1538 1778 ipso
1558 1728 1686 1778 operis

243 1793 466 1835 argumento
480 1786 640 1835 aliisque
655 1787 804 1825 indiciis
817 1788 1014 1838 responsio
1031 1789 1196 1838 petenda
1213 1789 1275 1826 sit.
1332 1789 1420 1826 Non
1437 1789 1506 1826 nisi
1526 1788 1685 1827 wolfius

243 1853 295 1892 et,
318 1860 429 1896 quem
459 1860 574 1897 supra
607 1848 860 1895 laudavimus,
892 1857 1027 1887 auctor
1059 1850 1234 1887 Gallicus
1261 1850 1406 1900 aliquid
1443 1857 1685 1888 monuerunt.

243 1908 316 1945 Ille
337 1910 480 1946 Annot.
500 1909 548 1947 ad
579 1910 694 1947 verba
723 1923 748 1947 e.
772 1914 802 1958 ξ.
821 1915 867 1948 α’.
888 1908 940 1948 ὧν
967 1913 1210 1963 ὑπαρχόντων
1241 1927 1272 1948 κ.
1290 1928 1323 1949 τ.
1344 1914 1382 1949 λ.
1404 1912 1456 1949 ita
1477 1912 1688 1962 disputavit

244 1977 285 2006 ut
304 1977 487 2019 appareat
508 1971 612 2007 illum
635 1971 671 2008 in
692 1984 736 2008 ea
758 1978 947 2009 versatum
968 1986 1052 2010 esse
1074 1973 1275 2016 sententia,
1297 1973 1550 2023 scriptionem
1571 1973 1685 2022 hujus

242 2031 424 2069 orationis
436 2038 605 2069 secutam
623 2046 706 2070 esse
727 2033 924 2070 victoriam
945 2034 1112 2071 navalem
1131 2035 1313 2080 Cononis,
1335 2035 1586 2072 antecessisse
1608 2035 1688 2073 bel-

242 2092 320 2129 lum
353 2093 494 2130 sociale
528 2100 565 2130 et
597 2094 778 2144 scriptam
808 2096 1035 2133 Orationem
1069 2095 1118 2133 de
1146 2096 1273 2133 Pace:
1313 2096 1395 2133 ‘Ex
1424 2096 1494 2133 hac
1515 2097 1689 2146 (inquit)

246 2154 532 2191 enumeratione
554 2155 749 2204 copiarum
771 2156 1016 2194 Atheniensis
1039 2157 1218 2207 Reipubl.
1245 2157 1439 2207 colligitur
1472 2157 1685 2195 orationem

247 2213 345 2251 hanc
366 2215 546 2265 scriptam
575 2229 658 2253 esse
687 2217 973 2267 postnavalem
1005 2217 1177 2255 Cononis
1214 2218 1429 2267 victoriam,
1454 2218 1519 2268 qui
1550 2219 1685 2268 patriae

247 2276 468 2325 dignitatem
491 2279 688 2327 pristinam
707 2279 889 2324 restituit,
912 2292 1025 2329 quam
1051 2280 1150 2317 filius
1177 2279 1262 2329 ejus
1281 2280 1522 2325 Timotheus,
1546 2279 1687 2318 felicis-

248 2338 362 2374 simus
384 2339 602 2388 imperator,
620 2346 657 2377 et
678 2342 917 2378 conservavit
937 2349 974 2378 et
995 2341 1255 2389 amplificavit.
1312 2341 1393 2378 Etsi
1411 2348 1536 2378 autem
1557 2341 1594 2378 in
1616 2341 1688 2378 hac

247 2399 417 2435 oratione
435 2401 576 2436 mentio
597 2401 699 2438 nulla
719 2401 763 2438 fit
777 2402 943 2452 Philippi
961 2415 970 2439 ε
1002 2409 1129 2439 tamen
1152 2402 1300 2439 urbium
1317 2402 1493 2440 Thraciae
1513 2402 1686 2440 amissio-

248 2473 330 2496 nem
353 2460 584 2510 [Vid.§.‹3'.]
615 2462 754 2500 nullam
785 2476 856 2512 ego
895 2463 1050 2512 quidem
1086 2463 1196 2500 aliam
1228 2464 1328 2509 novi,
1352 2464 1422 2500 nisi
1452 2476 1549 2510 eam,
1584 2476 1685 2509 curn,

248 2522 421 2572 Olyntho
440 2531 671 2573 expugnata,
691 2525 804 2562 etiam
832 2531 984 2562 caeterae
1012 2525 1048 2562 in
1081 2526 1163 2574 ejus
1193 2532 1422 2575 potestatem
1445 2525 1682 2565 ceciderunt.

246 2582 346 2619 Nam
362 2582 535 2620 Thraciae
556 2585 709 2632 quidem
730 2598 851 2636 reges,
870 2599 1031 2636 quorum
1059 2586 1178 2636 prima
1198 2587 1433 2637 Olynthiaca
1455 2586 1681 2624 mentionem

245 2642 338 2680 facit
358 2643 647 2691 Demosthenes,
667 2647 808 2697 ἀκύρως
841 2649 941 2695 ἄγαν
973 2650 1099 2690 πόλεις
1130 2655 1368 2686 vocarentur.
1423 2647 1497 2685 Sed
1529 2653 1614 2684 utut
1642 2654 1681 2685 et

244 2708 473 2756 χρονολογία
494 2713 528 2743 et
551 2706 695 2756 ἱστορία
714 2721 753 2744 se
773 2708 953 2754 habeant,
981 2722 1068 2746 cum
1089 2708 1236 2746 videret
1260 2709 1449 2746 Isocrates
1481 2708 1680 2745 honestam

244 2765 488 2816 disciplinam
520 2767 757 2814 labefactari,
779 2777 817 2807 et
846 2770 965 2807 multa
998 2776 1137 2808 temere
1169 2770 1247 2820 geri
1279 2783 1324 2807 ex
1346 2769 1486 2806 fiducia
1519 2768 1678 2807 virium:

245 2834 392 2865 mature
412 2828 571 2874 monuit,
601 2830 878 2868 occurrendum
900 2844 983 2868 esse
1013 2830 1070 2867 his
1096 2830 1286 2881 periculis,
1309 2843 1397 2880 quae
1427 2830 1679 2868 temeritatem

245 2888 427 2940 consequi
447 2889 621 2927 soleant:
652 2897 692 2927 ut
726 2897 830 2928 vates
868 2892 1012 2942 potius,
1042 2905 1153 2943 quam
1187 2898 1314 2930 orator
1346 2891 1463 2930 fuisse
1494 2891 1680 2930 videatur.

245 2949 329 2988 Nec
348 2950 447 2988 enim
468 2950 520 2988 ita
551 2951 671 2989 multo
703 2958 803 3002 post,
833 2959 992 3002 propter
1011 2953 1302 2992 Atheniensium
1337 2953 1578 3003 tyrannidem
1593 2950 1680 2990 Chii
