1914 3314
273 209 357 250 326
831 208 1153 249 BERGMANI

272 319 573 370 reprehendisse.
617 321 733 359 Aliud
752 322 851 360 enim
872 328 930 359 est
948 321 1090 366 dicere,
1108 318 1211 356 aliud
1232 319 1413 356 scribere.
1457 319 1554 361 Quae
1573 315 1702 354 dicere

271 381 366 417 forte
387 380 614 425 erubuisset,
635 382 835 420 commode
860 381 1028 420 scribere
1056 379 1206 430 potuit;
1237 392 1324 428 quae
1345 379 1499 419 auribus
1519 378 1619 415 sorte
1644 376 1701 414 inr-

270 446 376 490 grata
409 440 583 486 fuissent,
617 443 796 491 prudenti
827 442 963 480 lectori
990 440 1191 491 displicere
1224 452 1301 476 non
1331 445 1532 488 poterant:
1573 450 1700 488 neque

269 501 458 550 Areopagi
489 508 583 546 erat,
613 503 818 552 aequissimi
841 503 994 551 judicii,
1019 502 1056 538 in
1086 502 1293 537 Isocratem
1314 511 1402 536 vera
1426 498 1699 548 praedicantem

269 560 323 597 ira
343 563 587 600 commoveri.
644 563 781 612 Neque
801 564 874 600 alia
892 563 988 600 ratio
1007 562 1172 606 videtur,
1193 560 1244 597 ob
1264 572 1378 609 quam
1399 559 1522 609 Lysiae
1545 571 1698 609 quoque

269 621 332 658 illa
353 622 488 659 Oratio
510 624 780 673 Areopagitica
801 624 963 668 dicatur,
981 636 1093 673 quam
1115 621 1218 671 quod
1238 634 1364 658 coram
1386 621 1576 670 Areopagi
1596 620 1701 658 Judi-

270 682 380 719 cibus
401 683 528 720 habita
547 683 674 728 fuerit,
692 684 729 720 in
752 685 885 734 primis
913 698 999 721 cum
1021 696 1134 721 causa
1152 689 1254 719 esset
1274 682 1321 718 ad
1342 680 1562 731 religionem
1584 680 1698 730 perti-

271 755 362 779 nens
387 744 621 790 (continetur
639 744 740 781 enim
761 758 806 782 ea
831 745 922 796 ὑπὲρ
945 750 1006 782 τοῦ
1027 750 1136 791 σηκοῦ
1156 746 1362 792 ἀπολογία,
1382 743 1426 781 de
1444 754 1564 780 sacrae
1592 741 1700 779 olivae

270 808 422 851 trunco,
443 804 495 842 uti
517 805 631 843 vertit
657 805 842 855 interpres
869 806 1054 852 Latinus),
1076 805 1210 855 quales
1237 806 1459 854 Areopagus
1485 803 1700 853 dijudicare

269 864 430 902 solebat.
487 865 577 903 Vid.
598 866 788 916 Harpocr.
809 867 846 903 in
865 865 1058 909 ἐπιθέτους
1079 865 1221 916 ἑορτάς.
1278 865 1417 902 Parum
1437 869 1563 901 autem
1583 863 1700 902 refert

269 931 393 961 utrum
414 925 521 963 dicas
540 925 588 963 de
608 926 780 964 oratione
800 927 927 976 aliqua
947 940 1029 964 eam
1050 940 1131 964 esse
1151 939 1237 964 esse
1257 925 1441 970 habitam,
1463 937 1510 962 an
1531 914 1699 963 habitam

267 987 359 1037 fingi
382 995 543 1027 tantum.

320 1049 502 1099 Sequitur
524 1056 565 1087 ut
596 1049 643 1087 de
671 1050 865 1088 Orationis
888 1052 1119 1099 Argumento
1147 1050 1309 1100 ejusque
1337 1047 1530 1086 tractandi
1552 1047 1697 1085 ratione

266 1111 453 1150 dicamus.
510 1113 597 1156 Qua
616 1113 663 1151 de
682 1127 799 1151 causa
820 1113 868 1150 ad
889 1113 1094 1150 dicendum
1115 1112 1322 1149 accesserit
1339 1110 1496 1156 Orator,
1510 1109 1590 1157 jam
1610 1108 1698 1146 inde

266 1173 315 1210 ab
344 1174 458 1211 initio
487 1174 693 1212 declaravit
719 1189 804 1212 cum
831 1174 976 1212 diceret
1004 1188 1085 1211 sese
1111 1175 1192 1222 περὶ
1219 1172 1397 1223 σωτηρίας
1424 1173 1489 1216 τὴν
1517 1169 1698 1220 πρόσοδον

265 1234 507 1281 ποιήσασθαι,
528 1235 646 1285 quod,
668 1242 708 1273 ut
735 1236 834 1273 haud
859 1235 956 1272 male
976 1234 1136 1272 Wolfius
1162 1232 1320 1277 monuit,
1342 1233 1441 1270 idem
1465 1231 1566 1269 valet
1591 1244 1636 1269 ac
1666 1230 1698 1269 si

265 1295 401 1332 Latine
421 1295 539 1341 dicas,
559 1296 606 1333 de
625 1310 671 1333 eo
691 1296 820 1334 dicere
840 1295 1117 1346 providendum
1136 1307 1210 1333 esse
1228 1307 1274 1331 ne
1288 1292 1384 1344 quid
1401 1291 1616 1343 respublica
1636 1291 1698 1328 de-

265 1357 439 1394 trimenti
475 1358 615 1407 capiat,
646 1357 700 1394 uti
730 1364 769 1394 et
807 1357 951 1394 docent
980 1356 1189 1405 sequentia.
1258 1355 1348 1398 Quo
1374 1345 1504 1391 ’autem
1537 1351 1698 1390 consilio

264 1420 408 1464 (ἥντινα
433 1421 584 1469 γνώμην
606 1419 729 1470 ἔχων),
756 1431 843 1455 cum
863 1431 921 1455 res
944 1417 1236 1454 Atheniensium
1263 1415 1355 1453 satis
1376 1427 1572 1464 prosperae
1593 1413 1697 1451 vide-

265 1485 407 1523 rentur,
428 1479 476 1516 de
505 1492 550 1516 eo
577 1478 855 1529 providendum
886 1492 968 1515 esse
994 1483 1181 1522 censeret,
1207 1476 1349 1513 docent
1376 1475 1460 1512 haec
1489 1487 1535 1512 ex
1564 1473 1699 1512 ultimo

266 1538 423 1589 Capite:
452 1543 654 1591 ἡγούμενος
677 1540 744 1590 μὲν
769 1538 834 1577 οὖν
859 1540 944 1586 ἐγὼ,
965 1540 1010 1583 ἢν
1036 1539 1274 1589 μιμησὼμεθα
1292 1537 1375 1579 τοὺς
1402 1537 1620 1586 προγόνους,
1639 1536 1700 1573 καὶ

265 1606 337 1637 τῶν
364 1607 480 1637 κακῶν
505 1603 601 1651 ἡμᾶς
627 1601 761 1638 τούτων
781 1600 895 1646 (οάἱο
925 1599 1164 1643 Graecorum,
1189 1601 1419 1647 contemptu.
1436 1596 1698 1644 barbarorum,
1746 1610 1750 1614 ’

259 1665 492 1710 paupertate
519 1667 607 1698 caet.
633 1674 720 1710 quae
750 1661 952 1710 Capitibus
982 1659 1132 1697 duobus
1164 1657 1474 1709 praecedentibus
1500 1669 1698 1695 enumera-

264 1724 385 1767 verat)
404 1721 762 1770 ἀπαλλαγήσεσθαι,
790 1724 848 1758 καὶ
875 1728 1040 1772 σωτῆρας
1060 1724 1100 1758 οὐ
1126 1722 1245 1768 μόνον
1269 1729 1334 1765 τῆς
1359 1720 1500 1761 πόλεως
1519 1720 1620 1755 ἀλλὰ
1639 1719 1699 1755 καὶ

263 1787 335 1819 τῶν
352 1783 544 1827 “Ελλήνων
567 1783 743 1821 ἁπάντων
763 1782 1001 1830 γενήσεσθαι,
1021 1784 1088 1826 τήν
1113 1797 1150 1819 τε
1175 1781 1358 1831 πρόσοδον
1384 1781 1612 1830 ἐποιησάμην
1640 1781 1699 1816 καὶ

263 1843 349 1885 τοὺς
377 1844 514 1891 λόγους
541 1846 663 1893 ε’ίρηκα
691 1847 849 1886 τούτους.
908 1844 994 1881 Hoc
1025 1855 1116 1891 ergo
1145 1843 1215 1880 sibi
1244 1843 1337 1891 vult,
1366 1850 1408 1880 ut
1437 1841 1485 1879 ad
1513 1841 1699 1890 majorum

263 1903 512 1941 imitationem
534 1905 786 1942 Athenienses
807 1905 1048 1949 adhortetur,
1064 1912 1182 1953 atque
1198 1904 1273 1941 hoc
1292 1903 1451 1941 consilio
1471 1903 1699 1940 laudandam

265 1966 338 2004 sibi
358 1967 518 2017 sumpsit
532 1981 613 2004 eam
636 1967 798 2017 reipubl.
812 1966 1125 2004 administrandae
1146 1967 1346 2011 rationem,
1362 1979 1439 2015 qua
1460 1965 1515 2002 usi
1537 1964 1701 2014 majores

263 2032 409 2082 optime
436 2044 512 2069 rem
541 2038 750 2082 gesserant,
780 2039 817 2068 et
846 2031 882 2067 in
910 2043 986 2080 qua
1015 2030 1096 2066 sola
1125 2028 1291 2067 civitatis
1319 2027 1420 2065 salus
1452 2027 1576 2076 posita
1600 2033 1698 2065 erat.

267 2095 422 2133 Docent
446 2094 482 2131 id
506 2107 593 2143 quae
622 2097 652 2141 ξ.
680 2093 718 2131 ε’.
747 2093 785 2130 in
811 2092 838 2130 f.
866 2098 903 2130 et
929 2092 972 2129 ς’.
998 2091 1196 2141 leguntur:
1226 2089 1312 2140 ὑπὲρ
1337 2089 1381 2135 ἧς
1402 2091 1607 2138 (πολιτείας
1629 2090 1699 2128 ὑπὸ

265 2164 337 2195 τῶν
357 2159 549 2207 προγόνων
569 2153 891 2206 καταλειφθείσης)
910 2154 982 2201 ἐγὼ
1003 2153 1059 2190 καὶ
1076 2153 1139 2190 τὸν
1157 2154 1273 2200 λόγον
1294 2153 1420 2202 μέλλω
1440 2153 1622 2189 ποιεῖσθαι
1641 2153 1701 2188 καὶ

265 2221 332 2263 τὴν
351 2218 529 2268 πρόσοδον
549 2218 838 2268 ἀπεγραψάμην.
860 2217 1008 2266 εὑρίσκω
1030 2217 1102 2265 γὰρ
1123 2215 1259 2260 ταύτην
1278 2215 1326 2250 ἂν
1345 2214 1462 2263 μόνην
1482 2215 1698 2263 γενομένην,

266 2281 325 2316 καὶ
342 2287 414 2318 τῶν
433 2281 646 2330 μελλόντων
663 2278 837 2315 κινδύνων
851 2280 1062 2328 ἀποτροπὴν
1078 2279 1135 2314 καὶ
1154 2282 1225 2313 τῶν
1238 2276 1430 2323 παρόντων
1445 2281 1560 2313 κακῶν
1575 2276 1700 2312 ἀπαλ-

266 2342 405 2388 λαγὴν,
425 2342 470 2385 ἢν
491 2340 725 2391 ἐθελήσωμεν
752 2340 891 2385 ἐκείνην
910 2342 976 2384 τὴν
1000 2338 1245 2390 δημοκρατίαν
1268 2334 1492 2382 ἀναλαβεῖν,
1511 2339 1555 2381 ἢν
1573 2335 1702 2374 Σόλων

265 2402 335 2451 μὲν
360 2403 378 2439 ὁ
407 2401 692 2452 δημοτικώτατος
717 2402 917 2451 γενόμενος
947 2399 1199 2451 ἐνομοθέτησε,
1230 2396 1465 2443 Κλεισθένης
1494 2396 1544 2444 δὲ,
1571 2399 1589 2434 ὁ
1618 2396 1702 2441 τοὺς

265 2463 464 2513 τυράννους
490 2463 659 2510 ἐκβαλὼν
683 2465 740 2500 καὶ
765 2462 829 2500 τὸν
857 2462 971 2513 δῆμον
997 2462 1235 2509 καταγαγὼν,
1255 2458 1370 2496 πάλιν
1395 2458 1432 2504 ἐξ
1456 2459 1576 2508 ἀρχῆς
1599 2460 1701 2496 κατέ-

268 2540 413 2570 στησεν.
454 2525 561 2560 lllam
580 2538 669 2573 ergo
687 2524 867 2572 Reipubl.
886 2523 1042 2560 formam
1065 2522 1227 2572 primum
1244 2534 1263 2558 a
1283 2519 1422 2557 Solone
1438 2520 1700 2566 constitutam,

267 2585 420 2630 deinde,
441 2586 564 2634 sopita
587 2585 909 2623 Pisistratidarum
933 2584 1147 2635 tyrannide,
1167 2596 1188 2620 a
1209 2582 1405 2621 Clisthene
1424 2588 1640 2618 revocatam
1661 2588 1701 2619 et

268 2646 388 2696 magis
409 2647 603 2696 magisque
619 2646 900 2692 confirmatam,
920 2659 1006 2696 quae
1023 2658 1112 2682 vero
1128 2651 1273 2694 postea,
1291 2645 1326 2680 in
1343 2642 1473 2692 primis
1492 2648 1698 2692 postquam

268 2706 427 2745 Periclis
456 2713 494 2744 et
524 2707 712 2757 Ephialtae
745 2720 861 2757 opera
887 2706 1081 2756 Areopagi
1107 2705 1315 2751 auctoritas
1341 2703 1570 2741 labefactata
1603 2711 1698 2749 erat,

267 2768 372 2819 quod
394 2768 473 2817 ipse
491 2768 679 2805 Isocrates
700 2768 891 2818 significat
912 2773 942 2816 ξ.
963 2766 1040 2815 aff„
1060 2781 1081 2805 a
1101 2765 1280 2818 prudenti
1301 2778 1421 2802 rerum
1442 2764 1609 2801 omnium
1629 2765 1699 2803 ad·

268 2829 556 2874 ministratione,
577 2842 666 2878 qnae
687 2842 798 2879 aequa
816 2832 1097 2880 ἀριστοκρατίας
1113 2841 1156 2865 ac
1177 2827 1416 2877 δημοκρατίας
1437 2825 1601 2862 mixtura
1620 2825 1698 2863 sive

267 2890 541 2940 conjunctione
561 2890 808 2936 efficiebatur,
835 2891 872 2927 in
892 2889 1171 2928 intolerabilem
1194 2887 1315 2938 plebis
1336 2886 1556 2924 insanientis
1578 2886 1700 2924 domi-

270 2953 480 2998 nationem,
503 2952 766 3001 bonorumque
792 2953 1077 3002 magistratuum
1100 2949 1225 3001 inopia
1244 2949 1281 2986 in
1304 2948 1426 2986 omnis
1447 2947 1600 2999 generis
1620 2954 1701 2986 tut-
