1924 3314
295 216 350 256 26
828 216 882 256 Η.
912 213 1216 255 STEPHANI

296 330 421 366 aetatis
439 329 594 379 placida
614 341 660 366 ac
677 329 771 367 lenis
792 327 985 368 senectus.
1041 328 1207 373 Qualem
1228 327 1450 377 accepimus
1472 327 1656 373 Platonis,
1675 327 1741 377 qui

297 401 372 426 uno
398 397 437 426 et
463 389 699 437 octogesimo
729 402 829 427 anno
857 390 1030 427 scribens
1051 394 1223 426 mortuus
1248 393 1331 425 est:
1361 388 1512 436 qualem
1544 387 1743 431 Isocratis,

296 449 362 498 qui
377 462 461 486 eum
476 450 631 495 librum,
647 451 712 500 qui
724 450 1033 488 Panathenaicus
1051 449 1281 493 inscribitur,
1294 454 1432 497 quarto
1446 455 1485 486 et
1499 448 1744 498 nonagesimo

295 523 395 547 anno
431 511 631 562 scripsisse
664 513 826 550 dicitur:
876 512 1046 562 vixitque
1079 511 1380 561 quinquennium
1412 511 1587 559 postea.'’
1658 509 1744 547 Nisi

296 571 425 619 potius
444 573 688 610 scribendum
710 579 789 610 est:
821 574 832 594 ‘
849 572 1065 622 vixisseque
1095 572 1398 622 quinquennium
1419 571 1579 619 postea.'
1632 571 1745 608 Men-

296 632 439 670 tionem
471 639 597 671 autem
631 635 794 684 ipsemet
825 633 1100 671 1socr.aetatis
1135 645 1214 670 suae
1250 632 1346 669 facit
1378 631 1482 669 circa
1511 630 1747 681 principium

297 693 411 741 hujus
432 693 821 744 libri§.a‘.⁷‘1y0f1pa2
851 697 926 743 γαρ
945 694 1102 743 (inquit)
1121 696 1194 743 οὐχ
1220 693 1415 767 ἁρμόττειν
1434 693 1515 729 οὔτε
1548 697 1624 734 τοῖς
1652 692 1748 729 ’ἔτεσι

293 757 369 794 ΤΟἶς
387 754 627 799 ἐννενηκοντα
657 770 715 791 Καί
734 758 948 804 Τέσσαρσιν,
971 752 1023 792 ὠν
1039 754 1112 802 ἐγὼ
1138 753 1317 804 Τυγχάνω
1344 754 1523 801 Ύέγονὼς,
1554 751 1633 790 01’13
1651 752 1748 795 ὅλως

295 818 374 855 τοῖς
392 813 459 859 ἥδη
488 818 625 858 πολιας
656 814 808 866 ἔχουσιν
831 816 968 854 ἐκεῖνον
994 814 1059 852 τὸν
1077 816 1213 865 τρόπον
1239 815 1293 851 ἔτι
1322 816 1461 862 λέγειν.
1520 816 1580 851 Ac
1608 813 1746 850 mirum

296 880 355 912 est
374 874 602 913 Ciceronem
625 877 677 913 ita
703 876 829 924 loqui:
872 881 1053 926 “quarto
1083 881 1123 913 et
1149 874 1396 925 nonagesimo
1425 887 1527 912 anno
1547 875 1747 924 scripsisse

296 934 477 973 ‹licitur.''
508 949 624 986 quum
648 936 811 986 ipsemet
845 938 1037 974 Isocrates
1067 935 1116 973 de
1137 949 1176 973 se
1206 936 1280 973 hoc
1307 941 1482 973 testetur.
1540 935 1626 973 Nisi
1645 934 1747 973 forte

296 995 474 1032 Ciceroni
494 997 621 1034 hocin
643 1005 807 1035 mentem
824 1010 899 1034 non
916 999 1065 1035 venisse
1081 996 1296 1046 putandum
1319 1002 1389 1036 est.
1427 996 1746 1034 Praetereundum

295 1061 423 1092 autem
445 1069 520 1094 non
543 1062 614 1102 est,
635 1071 736 1103 eum,
758 1058 933 1107 quamvis
953 1058 1006 1095 ita
1035 1057 1083 1094 de
1109 1069 1177 1094 sua
1195 1062 1314 1094 aetate
1334 1057 1487 1094 locutus
1509 1052 1581 1094 hic*
1601 1057 1650 1093 sit
1669 1057 1750 1094 Iso-

296 1123 434 1163 crates,
460 1124 585 1155 tamen
607 1119 708 1156 circa
741 1118 854 1156 finem
877 1119 990 1167 liujus
1017 1117 1134 1168 ipsius
1163 1118 1346 1155 orationis
1375 1117 1504 1155 dicere
1526 1131 1565 1155 se
1585 1117 1749 1155 triennio

296 1182 443 1215 tantum
465 1191 485 1215 a
506 1186 658 1216 centum
679 1180 788 1217 annis
806 1180 953 1217 abesse.
996 1180 1205 1224 Caeterum,
1225 1178 1256 1216 si
1276 1178 1324 1216 de
1344 1184 1545 1216 senectute
1563 1178 1746 1217 Isocratis

297 1238 411 1275 verba
431 1239 586 1277 fecisset
601 1241 822 1291 Dionysius,
845 1241 971 1290 deque
988 1241 1032 1277 iis
1052 1253 1138 1290 quae
1159 1246 1237 1277 tam
1257 1254 1373 1278 senex
1393 1239 1586 1290 praestitit,
1601 1239 1747 1277 mentio

295 1298 474 1338 facienda
493 1302 601 1338 simul
623 1301 756 1339 suisset
785 1303 868 1352 ejus
899 1302 1003 1352 quod
1027 1315 1101 1339 non
1125 1303 1241 1340 semel
1267 1302 1320 1353 illi
1348 1316 1418 1340 usu
1440 1303 1557 1348 venit,
1578 1309 1619 1339 ut
1639 1301 1747 1340 vide-

297 1359 389 1397 licet
409 1361 570 1399 delirare
591 1369 805 1412 putaretur.
862 1364 1041 1412 Legimus
1062 1363 1163 1400 enim
1183 1363 1220 1400 in
1248 1363 1423 1401 oratione
1453 1363 1501 1400 ad
1524 1362 1746 1413 Philippum

296 1424 329 1467 ξ.
350 1423 392 1465 ζ’.
405 1438 517 1465 ουτως
537 1424 796 1482 ἐξεπλάγησαν
821 1427 870 1475 μὴ
898 1424 954 1461 διὰ
974 1425 1014 1463 τὸ
1034 1432 1151 1476 γῆρας
1171 1425 1341 1471 ἐξέστηκα
1360 1428 1423 1462 τοῦ
1439 1428 1599 1474 φρονεῖν.
1647 1424 1748 1467 Quae

296 1481 487 1532 interpres
506 1485 640 1522 vertit.
676 1485 798 1535 Usque
817 1485 910 1523 adeo
942 1486 1056 1523 veriti
1089 1490 1180 1523 sunt
1200 1499 1246 1523 ne
1274 1487 1378 1524 senio
1400 1484 1613 1523 delirmem.
1671 1483 1745 1522 Sed

296 1543 601 1582 animadvertere
639 1546 774 1583 debuit
801 1559 883 1583 esse
908 1547 1062 1597 ellipsin
1091 1553 1180 1584 ante
1208 1546 1439 1596 particulam
1467 1548 1536 1596 μήτ
1569 1545 1750 1596 ideoque,

296 1604 414 1641 verbo
433 1605 692 1654 ἐξεπλάγησαν
717 1606 1037 1657 significationem
1059 1620 1165 1644 suam
1185 1607 1418 1657 relinquens,
1433 1602 1486 1643 ita
1506 1606 1632 1643 locum
1647 1606 1749 1644 hunc

295 1666 477 1706 reddere:
512 1668 634 1718 Usque
658 1668 751 1706 adeo
771 1668 1029 1719 obstupefacti
1043 1672 1148 1714 sunt,
1169 1673 1338 1706 verentes
1357 1681 1403 1706 ηε
1415 1680 1507 1718 prce
1529 1668 1634 1705 senio
1653 1667 1750 1706 deli-

294 1738 432 1767 rarem.
490 1730 583 1769 Vel:
627 1743 672 1767 ne
694 1743 783 1780 prce
810 1732 914 1768 senio
945 1734 1065 1769 mente
1083 1735 1208 1768 motus
1226 1743 1350 1768 essem.
1407 1730 1630 1774 Quinetiam
1656 1730 1750 1768 alibi

295 1790 348 1826 rei
370 1790 483 1838 hujus
505 1791 738 1830 mentionem
760 1791 870 1836 facit,
894 1797 933 1829 et
952 1791 1105 1842 quidem
1126 1792 1247 1829 verbo
1275 1791 1394 1841 magis
1422 1791 1582 1842 proprio
1611 1798 1748 1832 utens:

294 1851 333 1889 id
353 1858 424 1899 est,
441 1853 545 1901 quod
567 1853 705 1891 Latino
726 1853 889 1891 delirare
910 1853 1136 1903 respondet.
1186 1854 1313 1891 Locus
1332 1859 1390 1890 est
1407 1853 1445 1890 in
1461 1853 1750 1891 Panathenaico

293 1916 324 1959 ξ.
337 1915 379 1950 θ’.
400 1914 527 1956 ἄλλως
547 1930 584 1952 τε
600 1913 648 1952 ἃν
664 1917 722 1951 καὶ
738 1921 840 1966 φανῶ
858 1914 947 1965 μηδὲ
964 1919 1029 1951 νῦν
1043 1930 1112 1959 πω,
1131 1917 1343 1960 τηλικοῦτος
1359 1916 1426 1959 ὢν,
1441 1917 1491 1965 μὴ
1506 1918 1745 1965 παραληρῶν.

296 1974 375 2011 Ubi
408 1981 534 2012 tamen
568 1975 854 2013 observandum
881 1976 1078 2026 scripsisse
1115 1975 1162 2023 <si
1201 1976 1311 2013 locus
1343 1976 1483 2013 mendo
1515 1977 1644 2022 caret)
1672 1988 1749 2014 non

294 2037 430 2085 ληρῶν,
461 2036 527 2073 sed
548 2040 787 2088 παραληρῶν.
852 2037 897 2073 In
929 2049 1007 2086 quo
1035 2036 1172 2086 aliquis
1192 2036 1357 2074 fortasse
1377 2037 1568 2074 vocabulo
1595 2049 1750 2088 praepo-¹

294 2095 470 2133 sitionem
491 2098 728 2135 extenuandi
749 2098 823 2135 vim
847 2097 987 2135 habere
1007 2097 1239 2147 suspicetur.
1297 2098 1342 2134 In
1358 2097 1422 2134 illa
1443 2104 1572 2135 autem
1588 2097 1635 2135 ad
1658 2098 1750 2136 Phi-

296 2154 444 2205 lippum
477 2157 650 2194 oratione
685 2171 762 2195 non
795 2158 948 2196 dubitat
978 2171 1086 2194 suam
1105 2158 1144 2194 in
1172 2164 1370 2196 senectute
1391 2158 1502 2196 etiam
1535 2161 1751 2210 φιλοτιμίαν

296 2217 480 2266 profiteri.
540 2217 749 2266 Postquam
763 2219 860 2256 enim
881 2218 978 2256 dixit
998 2219 1046 2256 de
1064 2219 1303 2268 panegyrica
1322 2219 1496 2257 oratione
1517 2220 1692 2267 loquens,
1711 2234 1751 2259 se

297 2290 373 2315 non
390 2278 586 2328 ignorasse
607 2279 706 2316 hanc
720 2279 934 2318 orationem
949 2280 1053 2318 aetati
1075 2293 1154 2317 suae
1171 2279 1325 2316 minime
1345 2280 1639 2318 convenientem
1653 2294 1752 2328 esse,

298 2345 338 2377 ct
357 2339 461 2376 aliud
483 2340 596 2377 etiam
631 2340 917 2379 incommodum
946 2341 1190 2392 praevidisse:
1222 2341 1380 2379 tandem
1408 2355 1447 2379 se
1476 2342 1577 2380 adeo
1604 2343 1642 2380 in
1667 2343 1752 2394 ipsa

299 2400 412 2438 etiam
428 2407 625 2438 senectute
635 2400 753 2439 fuisse
767 2405 961 2454 φιλότιμον
972 2403 1123 2449 scribit,
1141 2407 1324 2440 uteorum
1338 2415 1427 2452 quae
1441 2403 1634 2442 deterrere
1646 2403 1751 2442 illum

295 2467 492 2511 poterant,
513 2463 696 2500 rationem
719 2465 870 2502 minime
893 2464 1083 2502 habuerit.
1142 2463 1236 2512 Ejus
1257 2465 1375 2501 verba
1397 2471 1513 2503 sunt:
1544 2466 1631 2502 ἀλλ’
1653 2465 1753 2516 ὅμως

298 2522 387 2571 ἐγὼ,
406 2523 558 2566 ἁπάσας
574 2523 712 2566 ταύτας
733 2527 798 2567 τὰς
819 2525 1033 2577 δυσχερείας
1047 2524 1240 2574 ὑπεριδὼν,
1262 2527 1377 2569 οὕτως
1393 2526 1451 2563 ἐπὶ
1468 2528 1592 2577 γήρως
1613 2529 1754 2575 γέγονα

299 2587 503 2635 φιλότιμος,
527 2588 613 2627 ‹fign-
633 2583 862 2632 βουληθῆναι
884 2590 964 2638 ἅμα
988 2593 1063 2630 τοῖς
1079 2588 1173 2639 πρός
1195 2603 1234 2625 σε
1252 2589 1468 2639 λεγομένοις
1493 2590 1551 2625 καὶ
1580 2594 1660 2631 τοῖς
1678 2591 1756 2640 μετ’

298 2646 387 2693 ἐμοῦ
414 2645 653 2695 διατρίψασιν
685 2647 880 2694 ὑποδεῖξαι,
915 2656 989 2686 etc.
1058 2647 1136 2686 Ubi
1165 2648 1320 2686 minime
1351 2649 1495 2697 placet,
1514 2661 1601 2686 cum
1633 2649 1754 2687 iuter-

300 2713 408 2756 prete
428 2709 622 2758 φιλότιμος
654 2707 815 2746 reddere
835 2721 942 2747 acer.-
973 2709 1038 2746 sed
1061 2709 1254 2760 propriam
1276 2709 1311 2745 ei
1346 2706 1666 2758 significationem
1695 2721 1753 2746 re-

299 2765 547 2816 linquendam
568 2780 732 2805 censeo:
765 2781 882 2818 quum
898 2769 1120 2818 hujusmodi
1137 2773 1329 2822 φιλοτιμία
1343 2770 1545 2808 maximum
1562 2769 1613 2807 sit
1627 2769 1755 2819 cujus-

300 2828 390 2866 dam
422 2828 458 2865 in
491 2834 690 2866 senectute
728 2831 985 2879 permanentis
1017 2833 1351 2884 μεγαλοφροσύνης
1379 2830 1567 2869 indicium
1584 2844 1594 2869 ε
1636 2844 1752 2882 quam

298 2888 444 2940 alioqui
464 2896 502 2927 et
523 2890 561 2927 in
582 2890 662 2927 aliis
679 2891 847 2940 quodam
862 2891 950 2929 loco
966 2892 1188 2931 laudantem
1208 2905 1296 2931 eum
1315 2891 1506 2930 audimus.
1561 2893 1646 2930 Jam
1661 2905 1752 2931 vero

300 2955 338 2988 et
357 2951 458 2989 circa
472 2951 703 3001 principium
723 2952 994 2991 Panathenaici
1009 2954 1129 2992 multa
1142 2954 1191 2992 de
1205 2967 1274 2992 sua
1290 2959 1490 2992 senectute
1508 2954 1625 2991 verba
1642 2953 1756 2993 facit:
