1924 3314
186 207 286 258 170
655 208 1137 271 ΙΣΟΚΡΑΤΟΎΣ

180 345 346 389 ’γενοιτο
372 329 461 379 τοῖς
483 319 657 384 ἅλλοις,
684 320 769 380 ἔνός
797 318 838 372 δε
865 317 1081 394 οἷνδξος
1035 328 1077 371 εὐ
1104 319 1389 387 φρονήσαντος
1410 321 1609 379 ἅπαντες

178 396 232 447 οἳν
255 392 560 447 οἷπολαύσειαν
585 396 623 446 οἶ
646 392 898 464 βουλόμενοι
917 402 1118 445 κοινωνεῖν
1137 417 1213 454 της
1231 392 1386 446 εκεῖνου
1403 392 1607 452 διανοίας.

181 468 226 519 οὗ
267 492 351 537 μην
396 493 476 520 ewa
529 470 694 526 τούτοις
741 468 985 538 α’θυμῆσας
1023 466 1198 537 εἱλόμην
1240 467 1456 536 ῥαθυμεῖν,
1500 466 1610 519 α’λλ

181 540 326 592 ἵκανον
369 541 553 611 νομίσας
590 541 735 592 αθλον
779 540 977 595 ἔσεσθαί
1013 565 1087 610 μοι
1128 540 1205 601 τὴν
1245 537 1374 604 δοξαν
1408 540 1485 602 τῆν
1517 539 1610 592 ἀπ’

180 614 317 666 αὕτοῧ
349 638 424 666 του
456 614 587 680 λογου
620 638 901 685 «γενησομενην
933 612 1025 676 η’κω
1058 611 1398 684 συμβουλεύσων
1432 613 1536 704 περί
1560 637 1608 665 τε

180 711 255 739 του
281 687 475 757 πολεμου
501 712 577 740 του
601 712 716 761 προς
734 711 832 746 τους
853 687 1097 780 ζαρβοὶξους
1122 711 1201 738 και
1222 688 1300 748 τῆς
1316 685 1511 756 ομονοῖας
1536 690 1615 748 τῆς

179 786 286 855 προς
308 763 424 845 ἧμας
449 781 626 824 αυτους,
652 785 728 814 ουκ
752 761 918 828 οἱγνοων
935 759 1003 813 σ’τι
1023 759 1185 814 πολλοὶ
1205 761 1288 812 τῶν
1275 782 1650 853 προσποιησα-(ι

177 835 310 904 με’νων
337 841 441 888 εἶναι
467 854 687 899 σοφιστων
712 860 785 888 επι
813 859 964 888 τουτον
991 859 1065 887 τον
1095 832 1227 901 λόγον
1253 832 1477 926 ὅρμησαν,
1502 832 1615 886 οἷλλ
1629 846 1680 880 42

179 907 283 979 ἅμα
306 934 382 980 μεν
408 909 602 982 ελπιζων
623 933 829 962 τοσουτον
853 907 1100 961 1ὃιοισειν”
1069 931 1172 968 ωςτε
1195 933 1285 967 τοις
1311 905 1467 967 ἄλλοις
1483 905 1619 977 μηδεν

179 1006 370 1036 ‘murtro-re
415 981 548 1035 δοκεῖν
588 982 788 1077 εἷρησθαι
827 1007 922 1069 περι
962 982 1123 1044 αὐτων,
1162 980 1265 1052 ἅμα
1306 980 1347 1034 δὲ
1381 978 1614 1074 προκρίνας

181 1081 356 1117 τουτους
381 1059 657 1116 καλλίστους
675 1081 780 1110 ειναι
800 1082 882 1109 των
900 1058 1059 1123 λογων,
1080 1055 1228 1115 σι’τινες
1251 1079 1355 1147 περι
1380 1079 1614 1125 μεγιστων

182 1155 480 1197 τυγχανουσιν
515 1130 632 1190 ὄντες
666 1156 743 1184 και
778 1155 875 1190 τους
909 1155 957 1184 τε
985 1133 1200 1197 λεγοντας
1228 1129 1408 1199 μαλιστ
1447 1127 1614 1182 muler-

183 1204 349 1257 κνῦουσι
388 1228 465 1257 και
512 1229 612 1264 τους
650 1229 890 1265 ακουοντας
932 1204 1123 1257 πλεῖστ’
1152 1205 1421 1272 ἱωφελοῦσιν,
1463 1227 1518 1256 ων
1561 1226 1620 1261 εις

705 1303 714 1321 ¹
738 1303 827 1334 αὐτῶν
841 1302 946 1333 διοίσειν
961 1303 999 1332 Α.
1012 1303 1046 1332 C.
1060 1303 1095 1332 L.

184 1379 392 1418 συναγαγόντων
418 1386 449 1409 et
472 1377 598 1418 Gorgiae
623 1379 652 1408 in
676 1379 809 1408 oratione
832 1379 885 1408 de-

185 1422 317 1462 perdita,
332 1433 399 1462 quae
413 1421 612 1460 Ὀλυμπιοικός
635 1420 717 1459 λόγος
740 1421 886 1451 inscribe-

185 1465 284 1504 batur,
304 1476 322 1495 a
344 1465 434 1495 laude
460 1466 622 1494 eorundem
644 1464 816 1503 incipientis
832 1474 886 1493 ex-

186 1506 283 1537 ordia.
306 1508 433 1538 spouv.

237 1547 304 1590 ’1864
329 1550 483 1600 vrovv'wfzm]
508 1551 576 1580 Non
604 1549 634 1579 in
660 1549 790 1579 omnium
814 1558 884 1578 con-

187 1597 307 1631 spectu,
331 1603 388 1622 non
416 1594 445 1622 in
476 1597 625 1622 conventu
657 1597 689 1621 et
718 1590 884 1630 panegyri3

186 1635 240 1664 sed
261 1636 352 1671 domi,
368 1635 488 1674 privato
508 1636 619 1670 studio,
642 1634 814 1673 cogitando,
839 1633 886 1662 di-

186 1679 311 1714 scendo,
328 1688 421 1716 seque
444 1678 479 1707 ad
494 1678 666 1707 facultatem
683 1688 800 1718 ρητορικ
796 1687 815 1707 ,ν
830 1686 884 1715 pa-

185 1720 289 1750 rando.
318 1720 409 1750 Mon.
446 1722 483 1750 Et
513 1721 663 1755 docendo,
694 1730 782 1759 quam
813 1719 884 1748 vitae

184 1762 329 1792 rationem
352 1763 493 1802 exemplo
510 1763 576 1802 ipse
591 1763 800 1802 comprobavit
815 1762 884 1791 Iso-

185 1810 294 1836 crates.
339 1806 417 1835 Vide
446 1806 570 1836 Lucian.
599 1805 729 1835 Parasit.
749 1810 820 1834 tom.
837 1804 884 1834 ΙΙ.

185 1857 215 1886 p.
232 1850 304 1879 257.
332 1849 398 1879 cic.
423 1850 506 1879 Brut.
527 1859 555 1878 c.
571 1851 602 1879 8.
623 1848 821 1878 Valckenaer.
846 1846 882 1876 ad

186 1891 291 1929 Eurip.
308 1891 439 1931 Hippol-
461 1902 492 1930 p.
505 1893 579 1922 269.
603 1896 633 1921 et
649 1892 744 1921 lsocr.
762 1891 792 1920 in
808 1896 883 1920 orat.

185 1933 430 1974 περὶᾶντιδόσεως.
455 1935 581 1964 Sporus.

236 1976 321 2007 Οὐδὲν
333 1976 366 2007 ἐν
381 1976 464 2007 πλέον
477 1976 594 2017 γένοιτο]
619 1976 693 2006 nihil
715 1981 811 2006 tamen
836 1975 886 2006 hoc

184 2018 250 2049 aliis
268 2019 426 2060 profuerit.
448 2019 535 2050 Πλέον
547 2018 654 2057 γίνεταί
674 2030 726 2048 τινι
749 2018 780 2048 ’ἐκ
805 2030 885 2054 τινος,

184 2063 316 2092 nascitur
330 2063 420 2093 alicui
432 2064 606 2093 commodum
621 2073 654 2092 ex
668 2062 773 2101 aliquo.
807 2062 884 2092 Num

184 2103 266 2134 πλέον
281 2105 310 2135 in
326 2106 517 2145 quibusdam,
540 2111 574 2135 ut
590 2104 673 2135 πλέον
693 2104 774 2146 ἔχειν.
789 2110 885 2134 πλεον-

184 2149 282 2183 εκτεῖν,
305 2155 334 2178 et
356 2148 426 2178 inde
450 2148 588 2178 deductis
608 2147 721 2182 verbis,
738 2147 886 2186 significat

179 2192 321 2229 praecipui
346 2192 428 2231 quid,
453 2192 641 2227 commodum,
661 2191 749 2221 etiam
773 2190 885 2228 injuste

183 2237 313 2270 partum.
332 2235 420 2264 Mon.
437 2234 499 2266 cfr.
511 2233 884 2264 Valckenaer.diatrib.in

184 2275 322 2314 Euripid.
346 2277 453 2316 fragm.
478 2289 505 2307 c.
524 2281 576 2308 14.
603 2287 634 2316 p.
650 2279 724 2307 151.
748 2277 884 2306 Matthiae

183 2318 316 2347 Gramm.
329 2319 382 2348 Gr.
400 2329 431 2358 p.
447 2322 520 2351 514.
537 2331 583 2359 sq.
606 2321 736 2350 Spomz.

225 2361 386 2402 Σοφιστῶν]
417 2363 566 2402 Sopluistae
586 2362 708 2404 (quales
731 2366 798 2392 ante
817 2363 884 2392 Iso-

182 2408 293 2432 cratem
321 2404 443 2434 fuerunt
465 2405 606 2443 Gorgias,
629 2406 885 2444 Thrasymachus,

182 2446 364 2484 Protagoras
390 2447 572 2488 [Hippias],
595 2459 624 2478 v.
643 2449 742 2479 Isocr.
760 2449 884 2478 Encom.

182 2488 256 2518 Hel.
278 2489 341 2520 init
365 2491 520 2521 Plutarcl..
542 2495 572 2520 et
599 2491 689 2521 Dion.
718 2491 824 2522 Halic.
854 2492 884 2521 in

182 2531 330 2567 Isocrate,
345 2533 387 2562 in.
405 2533 485 2574 [Cic.
506 2534 545 2563 de
563 2535 647 2564 Orat.
665 2535 733 2564 III.
754 2544 782 2565 c.
800 2537 850 2566 16
853 2534 887 2576 ])

182 2575 304 2613 proprie
327 2576 383 2605 ἀπο
401 2578 450 2606 τοῦ
471 2576 591 2617 σοφίζειν
610 2577 683 2606 dicti
706 2583 774 2607 sunt
788 2580 883 2631 magi-

182 2617 246 2652 stri,
261 2618 398 2654 doctores,
413 2625 445 2649 ut
464 2618 559 2649 Isocr.
577 2624 680 2649 eontra
695 2621 790 2673 Soph.
807 2621 832 2660 §.
846 2619 883 2650 α’.

183 2661 203 2689 οἱ
221 2660 381 2691 παιδεύειν’
371 2672 510 2703 επιχειςου
511 2673 582 2697 ντες,
599 2663 670 2702 et§.
678 2661 711 2692 δ’.
721 2665 769 2693 τὴν
784 2663 884 2703 σοφιόιν

183 2701 362 2739 διδάσκοντες.
391 2705 546 2744 Imprimis
568 2706 610 2735 ita
637 2706 778 2736 nominati
802 2712 882 2743 sunt,

184 2745 234 2784 qui
250 2751 343 2777 artem
359 2747 525 2778 disserendi
542 2748 745 2783 tradiderunt,
758 2759 883 2788 eamque

183 2789 349 2828 duplicem,
367 2790 416 2820 vel
444 2791 481 2821 de
504 2791 603 2830 capite
620 2791 721 2830 aliquo
737 2792 883 2822 doctriuae

183 2831 212 2860 in
235 2832 682 2874 scholis(Cic-Fin.11.1.),
707 2835 753 2864 vel
775 2836 813 2864 de
836 2845 882 2864 re·-

184 2873 326 2912 publiea:
349 2876 428 2915 quod
446 2875 608 2906 discrimen
625 2880 761 2916 apertum
780 2881 829 2907 est
843 2888 882 2908 ex

184 2917 318 2948 orationo
339 2923 443 2949 contra
460 2918 712 2959 Soph.§.='.01'1
727 2918 806 2958 μόνον
820 2920 883 2950 τού-

184 2970 252 2996 τοις,
268 2960 317 2999 qni
335 2961 500 2992 doctrinam
515 2971 634 2992 omnem
649 2963 886 3001 amplectuntur,

185 3004 262 3033 ἀλλὰ
280 3003 327 3032 καὶ
349 3005 408 3039 τοῖς
430 3006 493 3039 τοὺς
513 3006 682 3038 πολιτικοὺς
702 3004 798 3044 λόγους
818 3006 882 3035 ὑπι-

918 1377 1108 1419 σχνουμένοις.
1158 1379 1218 1408 Sed
1237 1380 1402 1415 Isocrates,
1426 1377 1478 1418 qui
1496 1382 1619 1409 auctore

918 1421 1082 1450 Plutarcho
1098 1426 1126 1450 et
1147 1421 1293 1460 Dionysio
1317 1421 1388 1451 Hal.
1411 1422 1442 1450 in
1463 1422 1528 1460 ejus
1556 1422 1618 1451 vita

918 1463 966 1504 (p.
982 1465 1033 1494 94.
1051 1464 1098 1493 ed.
1114 1464 1215 1502 Sylb.)
1236 1475 1252 1493 a
1274 1463 1514 1503 praeceptoribus
1528 1473 1616 1493 acce-

917 1512 1001 1544 perat
1016 1506 1151 1546 ῥητορικῆν
1175 1517 1228 1536 seu
1253 1507 1427 1537 διαλεκτικὴν
1441 1504 1618 1545 πεφυρμένην

917 1549 1054 1588 (mistam
1076 1560 1114 1578 ex
1137 1549 1276 1578 omnibus
1297 1549 1417 1578 dicendi
1443 1549 1617 1587 generibus,

917 1591 1006 1620 etiam
1025 1591 1084 1625 his,
1105 1601 1171 1630 quae
1194 1592 1416 1621 controversias
1432 1596 1463 1621 et
1478 1592 1617 1630 disputa-

919 1634 1014 1663 tiones
1053 1634 1196 1673 physicas
1223 1635 1416 1674 tractarent),
1446 1644 1510 1664 eam
1541 1633 1616 1664 fecit

916 1680 1030 1706 tantum
1061 1679 1216 1712 πολιτικὴν,
1231 1677 1261 1707 h.
1285 1688 1312 1707 e.
1331 1688 1407 1713 eam,
1434 1679 1520 1717 cnjus
1542 1686 1616 1707 nsus

917 1725 999 1749 esset
1020 1719 1049 1749 in
1074 1719 1210 1756 civitate,
1239 1730 1276 1749 eo
1303 1721 1383 1759 qnod
1407 1720 1446 1749 de
1469 1720 1616 1756 moribus,

916 1762 1049 1801 regenda
1073 1762 1209 1797 civitate,
1232 1763 1419 1802 humanaque
1439 1763 1502 1792 vita
1518 1773 1616 1801 expo-

916 1810 1012 1840 neret,
1036 1809 1065 1834 et
1082 1804 1185 1834 vivere
1205 1805 1234 1834 in
1260 1805 1394 1841 civitate,
1408 1809 1460 1835 aut
1475 1815 1540 1835 eam
1562 1806 1616 1836 ad-

916 1847 1083 1876 ministrare
1104 1847 1238 1877 doceret.
1282 1848 1359 1878 Sunt
1374 1858 1447 1887 ergo
1463 1848 1520 1878 hoc
1535 1849 1614 1884 loco,

916 1889 975 1929 et§.
986 1888 1040 1928 κγ’.
1051 1890 1121 1919 item
1132 1891 1228 1920 Thac.
1241 1891 1304 1920 ΙΙΙ.
1319 1894 1368 1921 38.
1377 1895 1456 1921 extr.
1465 1890 1617 1931 soom-rai,

916 1937 1041 1962 oratores
1057 1932 1137 1972 [cfr.
1152 1933 1253 1963 Schol.
1269 1934 1461 1974 Aristophan.
1476 1935 1513 1963 ad
1530 1935 1614 1964 Nub-

917 1986 946 2004 v.
962 1978 1037 2006 330.
1051 1986 1081 2014 p.
1098 1978 1171 2006 323.
1188 1977 1236 2006 ed.
1255 1977 1435 2018 Hermann.]
1460 1976 1616 2018 (σοφισταὶ

917 2017 1002 2055 λόγων
1015 2019 1156 2048 dicuntur
1182 2029 1230 2057 ap.
1252 2019 1407 2049 Plutarch.
1429 2021 1459 2049 in
1485 2020 1616 2059 Lycurg-

916 2071 944 2089 ο.
961 2060 1018 2100 9.),
1047 2066 1079 2090 nt
1105 2062 1143 2091 de
1161 2063 1234 2091 Pac.
1264 2062 1312 2092 fin.
1335 2062 1356 2092 οῖ
1379 2062 1526 2102 φιλόσοφοι
1549 2066 1617 2092 sunt

917 2103 1090 2143 δημαγωγοὶ,
1107 2110 1158 2134 aut
1180 2104 1298 2140 saltem,
1314 2105 1364 2144 qui
1387 2106 1492 2135 dicunt
1506 2105 1545 2134 de
1568 2115 1617 2134 re-

916 2147 1050 2185 publica.
1097 2146 1277 2177 Plutarchus
1295 2147 1323 2177 in
1341 2148 1477 2177 Isocrate
1488 2152 1520 2177 et
1538 2149 1617 2177 Lon-

917 2189 1004 2229 ginus
1022 2194 1098 2219 sect.
1114 2192 1143 2220 4.
1160 2190 1237 2220 hune
1255 2190 1353 2228 ipsum
1374 2191 1543 2220 Isocratem
1567 2200 1618 2220 ac-

916 2238 1040 2262 censent
1064 2232 1216 2271 Sopbistis
1244 2232 1325 2273 [Cic.
1341 2234 1427 2263 Orat.
1450 2244 1479 2263 c.
1495 2236 1544 2263 11.
1569 2232 1616 2262 in·

917 2275 981 2314 quit
995 2287 1002 2305 :
1023 2279 1043 2293 “
1058 2276 1177 2314 qualem
1193 2277 1346 2305 Isocrates
1363 2276 1434 2306 fecit
1448 2275 1616 2315 Panegyri-

916 2329 995 2352 cum,
1023 2319 1168 2358 multique
1204 2319 1267 2354 alii,
1293 2319 1344 2358 qui
1373 2323 1442 2350 sunt
1473 2318 1616 2349 nominati

917 2360 1117 2402 Sophistae”].
1144 2361 1237 2391 Diod.
1259 2362 1321 2391 Sic.
1346 2362 1366 2391 l.
1393 2363 1473 2392 ΧΠ.
1497 2372 1528 2400 p·
1544 2363 1617 2392 514.

916 2404 1056 2434 Wessel.
1072 2406 1121 2434 τὴν
1134 2404 1297 2444 σοφιστείαν
1311 2403 1616 2445 eloquentiaefaculta-

918 2453 972 2477 tem
987 2452 1013 2477 et
1030 2447 1146 2477 laudem
1162 2448 1253 2478 dixit.
1305 2448 1343 2477 V.
1359 2448 1470 2478 Suidas
1492 2448 1523 2477 in
1541 2448 1572 2478 h.
1585 2457 1616 2478 v.

918 2495 947 2520 et
964 2491 1039 2519 Intt·
1057 2491 1207 2530 Hesychii
1225 2490 1265 2531 [s.
1283 2491 1311 2520 h.
1324 2501 1354 2520 v.
1371 2495 1402 2521 et
1417 2501 1441 2520 s.
1456 2501 1486 2521 v.
1503 2487 1616 2529 φίλοσο-

917 2532 992 2573 φος].
1019 2533 1110 2563 Mon·

958 2575 1020 2616 Πεςῖ
1040 2575 1144 2616 αὐτῶν]
1171 2577 1263 2612 Vide,
1283 2586 1349 2616 qnae
1375 2575 1454 2606 infra
1477 2575 1513 2605 ad
1537 2575 1563 2616 §.
1579 2573 1616 2608 ΒΕ

916 2619 996 2649 med.
1009 2618 1158 2649 dicentur.
1182 2620 1289 2650 IDEM·

958 2660 1117 2703 Πςοκςίνας]
1143 2663 1205 2692 Pro
1223 2660 1354 2713 simplici
1369 2659 1464 2699 κςίνας.
1487 2659 1616 2690 Panath.

917 2705 943 2745 §.
957 2703 1021 2745 μδ’.
1036 2707 1108 2735 πολὺ
1121 2702 1338 2743 σπουδαιοτεςοιν
1346 2705 1394 2734 τῆν
1400 2703 1493 2754 ἀρχὴν
1508 2700 1616 2742 προκρί-

916 2759 1019 2799 ναντες,
1043 2747 1094 2778 ubi
1119 2757 1316 2787 synonymum
1344 2743 1508 2786 νομίζοντες,
1537 2745 1556 2774 i.
1588 2755 1616 2775 e.

915 2791 1051 2831 ›tecvm-sc.
1097 2791 1241 2830 Xenoph.
1275 2789 1354 2829 apol.
1391 2789 1475 2818 Socr.
1512 2787 1538 2827 §.
1566 2790 1618 2818 21.

916 2832 1093 2874 πςοιιςίνομαι
1119 2833 1184 2864 εῖναι
1208 2831 1368 2865 Ce'mwroc.
1401 2832 1488 2861 Idem
1503 2831 1619 2870 Cyrop.

918 2878 964 2907 11.
981 2879 1012 2908 3.
1027 2877 1059 2906 5.
1082 2877 1156 2906 πᾶσι
1171 2886 1255 2905 τουτο
1269 2873 1446 2913 πςοκέκριται
1462 2874 1619 2903 καλλιστον

917 2918 996 2950 εῖναι.
1020 2919 1124 2949 Imm.
1154 2919 1222 2948 Non
1238 2928 1293 2956 pro
1307 2916 1438 2956 simplici
1458 2926 1499 2956 κρι
1494 2913 1546 2949 ’νας
1562 2925 1617 2955 po-

917 2963 1009 2998 nitur,
1040 2962 1095 2991 sed
1124 2961 1242 3001 qnando
1277 2958 1392 2999 aliquid
1419 2968 1486 2989 cum
1517 2957 1617 2997 aliquo

918 3008 1118 3044 comparatur,
1134 3009 1165 3034 et
1180 3003 1208 3033 ei
1224 3003 1388 3043 praefertur.
1412 3003 1545 3032 symm.

1898 3084 1910 3119 *l

1905 3122 1909 3130 ⁴
