1914 3314
296 213 402 264 342

776 217 1263 264 ΙΣΟΚΡΑΤΟὙΣ

294 330 419 382 λαιδν
444 352 493 381 εκ
519 328 740 394 φαύλων1
753 355 832 382 και
858 355 1082 384 ταπεινων
1108 333 1274 384 πόλεων
1297 333 1555 406 οξμηθεντες
1579 331 1651 384 δια
1681 331 1734 384 ⁷3
1749 355 1772 379 c

293 403 512 496 σωφρόνως
539 402 613 476 ζῇν
639 428 717 456 και
752 428 1087 496 στρατιωτικως
1119 428 1348 471 κατεσχον
1382 407 1730 469 Πελοποννησον,

291 477 417 546 μετοὶ
445 474 488 529 δε
522 501 675 532 ταυτα
701 477 904 572 Ξμειζονη
918 477 1202 546 φρονήσαντες
1233 502 1308 530 του
1343 477 1504 538 ὃεοντος
1535 479 1612 532 καὶ
1645 494 1732 531 λα·

292 549 448 610 βόντες
473 575 552 602 και
582 576 660 612 την
687 553 817 604 κατοὶ
841 555 924 618 1γῆν
953 577 1031 604 και
1060 577 1138 614 την
1163 576 1291 603 κατα
1315 552 1622 604 θάλατταν’
1589 553 1733 621 αρχῆν

292 622 351 682 εἷς
374 647 475 683 τους
500 624 662 684 αύτους
686 626 786 695 ἧμιν
814 625 1022 684 κινδύνους
1046 648 1353 687 κατεστησαν.
1383 623 1496 684 ’σ’ςτις
1520 626 1586 677 οὐν
1618 625 1734 685 sidaec

292 697 522 756 τοσαύτας
538 698 810 769 μεταξολας
829 700 1125 770 Ιγε·γενί],1.ι,ε’νας
1144 723 1220 751 και
1242 700 1520 760 τηλικαύτας
1538 697 1733 769 δυνάμεις

291 768 400 862 ούτω
435 796 611 838 ταχεως
644 772 959 866 α’ναιρεθεῖσας
993 771 1192 826 πιστεύει
1229 798 1318 831 τοις
1350 776 1575 840 παροῦσιν,
1602 773 1732 824 3λιάν

289 844 465 908 οἷνόητος
489 845 626 909 ἔστιν,
656 846 813 906 αλλως
848 871 898 900 τε
933 871 1012 899 και
1046 849 1125 908 τῆς
1156 872 1235 916 μεν
1270 846 1436 905 πολεως
1467 847 1583 916 ἡμῶν
1614 848 1734 899 πολυ

289 918 636 1013 xoeroedeeoeregov
671 944 738 972 νυν
765 920 1060 1013 πραττούσης
1089 920 1118 982 ἦ
1149 921 1256 972 κατ’
1282 920 1431 972 ἔκεινον
1461 920 1536 971 τᾶν
1552 922 1730 1012 Νχςόνον,
1749 927 1774 965 d

288 1017 364 1045 του
391 991 432 1046 δε
454 1018 610 1065 μισους
646 996 724 1046 τοῧ
750 1020 834 1046 των
857 995 1074 1058 Ελλήνων
1099 1018 1175 1046 και
1204 998 1282 1056 τῆς
1307 994 1480 1062 ἔχθρας
1516 1018 1597 1056 της
1620 994 1734 1069 προς

287 1116 299 1135 ¹
319 1126 352 1145 τε
363 1115 412 1146 καὶ
426 1127 530 1156 μικξων
545 1116 612 1147 πέλ.
629 1117 667 1147 Α.
679 1117 715 1147 C.
731 1118 768 1147 L.

289 1215 392 1252 elatio,
413 1215 446 1246 τό
465 1215 555 1257 μείζω
579 1219 677 1258 φρονεῖν
699 1219 749 1247 τοῦ
767 1218 880 1254 δέοντος,
902 1219 931 1248 in
956 1230 992 1249 eo

288 1260 370 1298 quod
387 1260 594 1298 Principatum
610 1261 736 1290 Graeciae
752 1261 810 1290 sibi
832 1271 992 1300 arrogave-

288 1302 360 1331 rint.
382 1303 452 1331 Fuit
466 1308 563 1332 autem
580 1304 636 1333 hoc
648 1309 718 1342 post
733 1309 836 1342 captas
847 1314 864 1333 a
876 1305 992 1342 Lysan-

289 1345 346 1374 dro
370 1346 515 1375 Athenas.
547 1347 625 1376 Nam
649 1347 686 1375 ab
707 1357 742 1376 eo
763 1346 834 1375 inde
858 1351 994 1384 tempore

289 1388 451 1427 superbius
465 1398 531 1418 sese
541 1396 708 1427 gesserunt,
718 1389 817 1419 socios
828 1389 995 1418 crudeliter

290 1435 322 1460 et
344 1431 455 1469 injuste
482 1436 639 1468 vexarunt,
660 1432 690 1461 in
709 1432 817 1469 primis
841 1432 993 1461 Decadar-

290 1473 368 1502 chiis
386 1474 416 1503 in
431 1474 606 1504 civitatibus
625 1475 809 1511 constitutis,
825 1475 915 1504 Pacis
933 1476 993 1504 An-

290 1516 429 1546 talcideae
444 1518 617 1546 Graecorum
639 1518 771 1547 libertati
788 1517 876 1546 valde
891 1517 992 1547 uoxiae

289 1563 430 1588 auctores
459 1561 651 1596 exstiterunt,
682 1560 751 1596 alia,
781 1570 849 1599 quae
878 1561 991 1599 passim

291 1602 328 1630 ab
345 1602 496 1632 historicis
516 1607 684 1638 narrantur,
700 1608 731 1632 et
752 1603 789 1631 ab
810 1604 944 1633 Isocrate
962 1603 992 1632 in

289 1645 513 1674 Panathenaico
534 1646 636 1674 dedita
655 1655 747 1684 opera
766 1646 993 1684 reprehendun-

290 1691 350 1716 tur.
381 1687 449 1716 Vid.
466 1687 509 1717 ibi
525 1687 552 1727 §.
567 1686 611 1718 ιη’.
631 1687 685 1725 κγ’.
703 1687 753 1717 λε’.
775 1699 820 1727 sq.
837 1687 887 1726 oy‘.
909 1688 992 1718 alibi.

290 1730 332 1767 Et
346 1729 386 1759 cf.
403 1730 558 1760 Diodorus
574 1731 695 1760 Siculus
712 1731 805 1761 XIV.
824 1734 853 1762 2.
873 1734 923 1761 10.
943 1735 993 1761 11.

290 1776 342 1803 17.
358 1774 411 1803 34.
427 1775 479 1803 82.
513 1773 595 1803 Hinc
608 1774 720 1803 factum
733 1778 790 1810 est,
806 1779 839 1804 ut
854 1775 992 1804 odiosum

289 1826 390 1845 eorum
420 1826 526 1846 nomen
556 1816 636 1846 inter
668 1817 790 1846 Graecos
819 1818 992 1852 exsisteret,

288 1859 469 1898 tandemque
487 1859 566 1889 bello
587 1870 654 1888 cum
674 1859 825 1889 Thebanis
841 1860 993 1898 impliciti,

289 1902 468 1940 gravissima
492 1901 578 1931 clade
607 1902 644 1931 ad
675 1902 820 1932 Leuctras
856 1907 991 1942 accepta,

288 1945 351 1974 fere
371 1945 400 1974 in
421 1944 599 1974 servitutem
621 1945 849 1984 redigerentur:
872 1945 911 1979 εἰς
930 1947 994 1979 τοὺς

288 1987 401 2022 αὐτοὺς,
417 1987 513 2027 inquit
533 1989 696 2024 Isocrates,
718 1989 783 2028 ἡμῖν
798 1987 925 2021 κινδύνους
940 2000 992 2017 κα-

293 2029 449 2060 τέστησαν.
481 2031 558 2067 Quae
574 2032 666 2060 verba
680 2032 718 2060 ad
731 2033 795 2070 ejus
811 2031 906 2060 cladis
917 2036 992 2060 tem-

289 2084 365 2112 pora
384 2074 544 2112 pertinent.
589 2075 666 2104 Nam
688 2079 721 2103 ut
743 2079 829 2103 antea
853 2074 991 2115 Athenae,

288 2117 333 2146 sic
347 2122 416 2154 post
437 2127 500 2146 eam
517 2117 713 2146 Lacedaemon
731 2126 804 2156 pene
819 2123 992 2155 expugnata

289 2164 334 2189 est
351 2169 367 2188 a
382 2160 541 2194 Thebanis,
563 2159 616 2199 qui
636 2160 735 2189 statim
758 2160 789 2189 iu
811 2170 914 2198 agrum
934 2161 991 2189 La-

288 2202 424 2231 conicum
440 2202 638 2241 irruptionem
655 2203 802 2237 fecerunt,
818 2202 860 2231 ita
876 2206 908 2231 ut
923 2202 991 2242 ipsa

288 2246 361 2274 urbs
394 2246 425 2275 in
454 2246 586 2275 maximo
616 2250 697 2275 esset
727 2245 875 2285 periculo.
919 2246 991 2275 Vid.

289 2288 434 2327 Xenoph.
454 2289 538 2318 Hist.
561 2290 614 2318 Gr.
631 2288 687 2318 VI.
711 2299 743 2327 p.
768 2291 841 2319 607.
865 2293 896 2318 et
917 2290 989 2318 608.

289 2341 344 2360 nec
359 2341 416 2360 non
431 2332 460 2360 in
476 2331 721 2370 Agesi1.p.660>.
740 2331 990 2361 B.etC.AElian.

289 2373 327 2402 V
350 2374 394 2403 H.
415 2374 471 2403 IV.
495 2377 524 2404 8.
563 2375 598 2403 111
624 2374 729 2412 primis
751 2374 899 2413 legendus
924 2374 990 2418 ipse

288 2415 440 2446 Isocrates
465 2418 502 2446 ad
524 2417 691 2457 Philipp&
677 2418 703 2457 ᾗ.
724 2416 767 2457 ιζ’.
788 2428 854 2456 sqq.
875 2420 905 2446 et
922 2427 989 2447 curn

288 2465 391 2488 nostro
403 2460 468 2488 loco
477 2461 655 2490 conterenda
665 2465 733 2489 sunt
744 2461 806 2490 haec
816 2471 832 2489 e
842 2460 991 2490 Panathe-

289 2502 375 2531 naico
392 2502 418 2541 ᾗ.
428 2501 468 2531 ιῧ’
470 2525 477 2532 .
496 2501 560 2543 εὕροι
570 2514 614 2536 τις
626 2502 657 2531 ἓιν
668 2503 876 2544 -συμφοραῖς
889 2500 990 2542 αισπες

290 2545 380 2584 ἡμεῖς.
405 2546 507 2576 IDEM.

324 2585 430 2621 “oo-wc
443 2585 482 2617 οὖν
498 2588 722 2622 εἰδὼς-ἀνόητός
735 2587 828 2629 ἐττιν]
848 2590 892 2619 Ut
907 2593 990 2618 note-

290 2635 338 2659 tur
351 2641 438 2669 quam
455 2631 501 2660 sui
515 2631 624 2661 similis
639 2641 758 2670 semper
771 2632 810 2660 sit
827 2633 979 2661 Isocrates

288 2673 480 2703 conferantur
496 2674 552 2703 loci
567 2675 602 2703 ad
622 2675 698 2703 Phil.
714 2674 740 2713 ᾗ.
756 2673 800 2712 ιζ’.
817 2677 924 2710 πολλῆς
939 2672 990 2708 οὖν,

288 2714 377 2750 ἀνοίας
397 2716 428 2744 ἂν
448 2716 484 2746 εἴη
505 2716 613 2755 μεστὸς
629 2718 653 2746 εἴ
672 2730 717 2751 τις
736 2717 796 2756 ὁρῶν
812 2717 991 2752 τηλικαύτας

289 2758 459 2795 μεταβολὰς
470 2758 716 2810 yivofaekvac-—in
741 2759 869 2790 Archid.
899 2761 924 2801 §.
953 2760 989 2790 κ’.

288 2800 370 2835 ὅστις
383 2813 424 2830 ουν
438 2801 498 2841 ὁρῶν
510 2801 643 2834 τοιαύτας
657 2802 826 2841 μεταβολας
840 2803 990 2842 γεγενημέ-

289 2855 347 2879 νας,
363 2843 408 2883 ἐφ’
422 2846 498 2883 ἡμῶν
519 2845 603 2874 οἴεται
624 2845 783 2879 noea-eac,
801 2845 862 2875 λίαν
881 2845 990 2879 ἀνόητός

289 2885 378 2917 ἔστιν.
386 2888 580 2916 -Πιστεύειν
598 2898 656 2921 τοις
682 2889 811 2927 παροῦσιν
835 2889 914 2918 idern
943 2894 991 2919 est

289 2930 393 2967 quod'
386 2941 414 2959 111
431 2930 544 2970 Paneg.
561 2930 586 2970 §.
604 2929 660 2967 λγ’.
675 2931 788 2960 dicitur
802 2931 839 2971 τῇ
857 2932 988 2973 ωαςούσῃ

287 2971 402 3011 δυνάμει
416 2973 566 3003 πιστεύειν.
588 2974 690 3003 inum.

332 3014 402 3046 Κατ’
415 3015 508 3048 ἐκεῖνον
522 3014 566 3046 τὸν
580 3015 656 3057 χςόνο
647 3016 685 3056 ν]
715 3016 814 3055 lEquc
835 3027 880 3051 uc,
905 3018 986 3054 qttud

941 1116 1063 1157 κ··Ἰ.ιει’ζ<υ
1074 1116 1115 1147 A.
1132 1117 1168 1148 C.
1184 1117 1221 1147 L.

1404 1116 1416 1134 ³
1439 1117 1500 1146 λίαν
1513 1127 1574 1147 0111.
1590 1117 1630 1147 A.
1646 1118 1681 1147 C.
1695 1118 1732 1147 1..

1027 1228 1097 1248 mox
1116 1217 1251 1258 sequitur
1262 1219 1343 1255 τότε,
1354 1219 1542 1249 referendum
1553 1219 1591 1248 ad
1607 1229 1642 1248 ea
1657 1223 1733 1249 tem-

1028 1271 1102 1300 pora
1127 1272 1194 1300 quae
1218 1272 1347 1300 pugnam
1375 1263 1412 1291 ad
1436 1262 1673 1301 AEgospotamos
1700 1267 1732 1291 et

1027 1309 1131 1342 captas
1147 1314 1164 1333 a
1179 1305 1335 1343 Lysandro
1351 1305 1483 1334 Athenas
1497 1305 1633 1342 proxime
1649 1309 1731 1334 ante-

1027 1352 1200 1376 cesserunt:
1224 1347 1262 1376 de
1279 1347 1391 1386 quibus
1406 1347 1494 1377 initio
1509 1347 1627 1386 Capitis
1643 1347 1730 1377 dixe-

1026 1394 1084 1418 rat.
1108 1390 1212 1419 IDEM.

1069 1432 1123 1461 Τοῦ
1146 1430 1173 1460 δὲ
1198 1430 1630 1473 μίσους-ἆνακεκαινισμὲνης]
1653 1434 1730 1472 Quae

1026 1474 1117 1511 paulo
1132 1480 1200 1503 ante
1219 1474 1341 1503 dixerat
1362 1476 1413 1508 τῆς
1435 1474 1539 1508 πόλεως
1562 1476 1639 1514 ἡμῶν
1658 1476 1731 1505 πολὺ

1025 1515 1240 1556 καταδεέστερον
1249 1516 1439 1555 πραττούσης,
1455 1518 1631 1556 spectabant
1638 1516 1732 1547 inter-

1026 1569 1091 1588 nam
1118 1559 1258 1598 Reipubl.
1279 1560 1499 1594 conditionem,
1521 1569 1606 1599 opes,
1627 1561 1731 1600 copias

1026 1602 1148 1631 navales
1160 1612 1195 1631 ac
1206 1602 1377 1641 pedestres,
1387 1607 1454 1632 caet.
1477 1602 1554 1638 Quae
1566 1607 1665 1633 autem
1680 1603 1731 1633 hic

1026 1646 1183 1680 habentur,
1206 1651 1365 1674 externum
1383 1645 1517 1675 habitum
1535 1645 1670 1675 civitatis
1686 1646 1730 1675 in-

1026 1687 1140 1723 dicant,
1156 1688 1323 1726 praesertim
1339 1688 1466 1718 aliorum
1484 1688 1636 1718 hominum
1655 1689 1730 1718 rati-

1027 1741 1083 1760 one
1101 1731 1213 1760 habita.
1256 1729 1289 1760 ‘O
1304 1731 1440 1764 Βασιλεὺς
1455 1730 1518 1760 sine
1533 1731 1625 1760 dnbio
1641 1731 1730 1761 intel-

1025 1773 1128 1812 ligitur
1151 1773 1222 1803 Rex
1247 1774 1419 1808 Persarum,
1436 1773 1487 1812 qui
1510 1783 1527 1802 a
1549 1773 1664 1803 Graecis
1687 1773 1730 1803 ita

1025 1826 1081 1854 per
1096 1816 1300 1846 excellentiam
1318 1816 1487 1852 dicebatur,
1502 1816 1574 1845 item
1593 1815 1730 1850 βασιλεὺς

1026 1858 1038 1887 ὅ
1053 1858 1160 1897 μέγας,
1177 1859 1221 1888 uti
1241 1863 1287 1888 est
1300 1858 1329 1887 in
1345 1858 1460 1898 Paueg.
1479 1859 1505 1898 §.
1521 1857 1574 1888 2³¹.
1591 1859 1628 1888 de
1648 1858 1729 1889 Pace

1026 1901 1051 1940 ᾗ.
1068 1901 1126 1934 11βῖ
1154 1902 1201 1930 De
1219 1907 1346 1939 utroque
1365 1906 1395 1930 et
1417 1901 1487 1931 odio
1506 1903 1679 1931 Graecorum
1698 1909 1730 1932 et

1025 1944 1183 1974 inimicitia
1198 1954 1264 1973 cum
1278 1945 1363 1982 Rege
1377 1943 1536 1974 Persarum
1551 1944 1639 1974 etiarn
1652 1944 1730 1974 infra

1026 1988 1162 2026 queritur
1177 1986 1201 2026 §.
1219 1985 1277 2019 λβ’.
1294 1987 1346 2016 ubi
1361 1987 1507 2026 epistolas
1521 1987 1558 2017 ab
1571 1997 1607 2017 eo
1621 1987 1730 2017 missas

1025 2035 1180 2064 memorat,
1197 2030 1226 2059 in
1244 2030 1355 2068 quibus
1366 2040 1424 2060 non
1440 2030 1596 2069 magnifice
1611 2040 1678 2060 sese
1690 2030 1729 2060 de

1025 2072 1259 2103 Atheniensibus
1287 2072 1397 2102 sentire
1423 2073 1616 2102 ostendisset.
1644 2093 1648 2097 -
1668 2073 1730 2102 Sed

1025 2120 1059 2145 ut
1080 2116 1118 2145 de
1140 2115 1237 2145 literis
1256 2115 1317 2144 illis
1339 2125 1388 2145 res
1407 2125 1510 2154 parum
1526 2119 1596 2145 nota
1611 2120 1668 2150 est,
1683 2115 1729 2145 sic

1025 2159 1138 2188 nullum
1161 2159 1247 2187 adest
1262 2158 1336 2187 satis
1351 2163 1484 2198 apertum
1503 2158 1647 2187 indicium
1668 2169 1727 2196 quo

1026 2203 1200 2237 doceamur,
1217 2201 1282 2239 quis
1302 2201 1369 2230 Rex
1389 2200 1562 2236 Persarum,
1583 2211 1650 2239 quae
1671 2200 1729 2230 ini-

1024 2244 1147 2274 micitiae
1162 2244 1377 2281 intelligantur.
1415 2244 1504 2282 Quod
1520 2243 1545 2273 si
1559 2248 1644 2273 recte
1660 2253 1727 2273 sese

1025 2287 1153 2316 habeant
1166 2297 1202 2316 ea
1211 2297 1278 2325 quae
1288 2287 1324 2316 de
1336 2292 1470 2325 tempore
1480 2286 1569 2325 hujus
1580 2285 1728 2316 orationis

1025 2330 1113 2360 editae
1132 2340 1225 2369 supra
1247 2329 1438 2368 scripsimus,
1454 2328 1526 2358 Rex
1543 2329 1601 2359 erit
1614 2329 1728 2358 intelli-

1025 2374 1141 2411 gendos
1151 2372 1266 2407 Ochus,
1277 2371 1457 2401 Artaxerxis
1469 2372 1643 2401 Mnemonis
1656 2381 1729 2411 spu-

1024 2417 1087 2445 rius
1113 2415 1203 2450 filius,
1229 2415 1279 2453 qni
1307 2415 1446 2453 regnavit
1470 2414 1500 2443 in
1530 2415 1645 2450 Persis,
1667 2425 1728 2454 quo

1025 2463 1160 2496 tempore
1191 2457 1353 2496 Philippus
1382 2457 1572 2498 Macedoniae
1597 2457 1728 2496 praefuit,

1025 2503 1171 2540 cujusque
1195 2503 1306 2530 mentio
1326 2501 1360 2530 fit
1379 2510 1448 2529 cum
1466 2500 1498 2529 in
1519 2500 1663 2529 Oratione
1688 2500 1726 2529 ad

1025 2545 1103 2574 hunc
1126 2544 1252 2583 scripta,
1274 2544 1300 2584 ᾗ.
1317 2543 1381 2582 μα’.
1409 2549 1471 2572 tum
1500 2542 1672 2572 nominatim
1695 2542 1725 2571 in

1026 2588 1120 2617 veteri
1144 2588 1208 2625 ejus
1238 2586 1392 2616 Orationis
1418 2585 1618 2624 Argumento‚
1640 2586 1727 2623 cnjus

1024 2637 1128 2660 auctor
1143 2640 1210 2659 eum
1227 2640 1292 2659 cum
1309 2629 1402 2658 Dario
1417 2629 1609 2658 Codomanno
1622 2628 1726 2657 oonsu—

1025 2673 1080 2703 dit.
1118 2673 1242 2703 Grzecos
1259 2673 1286 2701 ei
1302 2672 1331 2701 in
1348 2671 1427 2700 bello
1445 2675 1550 2700 contra
1565 2670 1727 2700 Phoenices

1024 2721 1054 2745 et
1063 2716 1226 2755 AEgyptios
1243 2715 1355 2744 auxilia
1371 2712 1615 2752 suppeditavisse
1632 2713 1727 2742 histo-

1024 2759 1068 2788 ria
1088 2760 1188 2788 docet.
1213 2758 1286 2788 Vid.
1311 2756 1465 2786 Diodorus
1486 2755 1606 2785 Siculus
1630 2756 1725 2786 XIV.

1024 2805 1076 2832 44.
1099 2802 1157 2831 Sed
1171 2801 1209 2831 de
1222 2799 1386 2830 inimicitiis
1399 2799 1465 2836 ejus
1477 2808 1545 2828 cum
1559 2798 1724 2828 Athenien-

1024 2845 1107 2874 sibus
1122 2845 1217 2874 fateor
1230 2843 1302 2873 mibi
1318 2842 1390 2871 nihil
1405 2845 1552 2870 constare.
1580 2841 1663 2871 Fieri
1681 2847 1726 2871 ta-

1023 2898 1090 2918 men
1107 2891 1205 2926 potest
1223 2890 1254 2915 nt
1267 2887 1350 2924 justa
1367 2884 1497 2913 bellandi
1518 2893 1608 2913 caiisa
1622 2884 1724 2919 tuerit,

1023 2931 1047 2960 si
1065 2930 1185 2971 quidem
1201 2928 1377 2966 Philippum
1393 2927 1429 2956 ad
1447 2927 1557 2956 bellum
1574 2927 1724 2956 communi

1022 2983 1088 3003 cum
1115 2971 1230 3002 Graecis
1256 2970 1383 3000 consilio
1407 2969 1511 2999 Persis
1538 2969 1726 3001 inferendum

1022 3016 1156 3046 excitare
1173 3014 1285 3046 studuit
1301 3014 1418 3044 Isocra·
1421 3023 1463 3043 cs
1488 3013 1592 3043 IDEM.
