1924 3314
352 206 407 247 24
870 205 932 247 H.
965 205 1262 261 STEPHANI

349 324 444 364 εἶναι
461 331 576 368 κακῶς
595 324 663 362 ὑπὸ
681 331 755 364 τῶν
779 328 940 365 πολιτῶν
960 328 1114 373 α’κοῦειν,
1133 329 1155 371 ἢ
1176 329 1296 369 καλῶς
1314 325 1402 376 ὑπὲρ
1420 332 1484 371 τῆς
1500 325 1672 376 πατρίδος
1690 325 1782 360 σ’πο-

349 388 528 430 θνὴσκειν.
548 384 614 423 ubi
633 389 755 429 καλῶς
769 390 810 425 et
829 394 945 430 κακῶς
965 387 1038 425 sibi
1057 387 1304 437 respondent,
1325 386 1471 424 α’κοΰειν
1485 392 1613 424 autem
1633 389 1674 423 et
1691 385 1783 421 α’πο-

351 445 524 491 θνήσκειν
544 451 632 484 sunt
649 447 804 499 πάρισα.
833 448 878 485 In
900 447 1015 496 hujus
1034 454 1161 485 autem
1188 447 1264 484 loci
1283 446 1601 495 interpretatione
1621 444 1782 482 verbum

346 509 599 559 ἀντιστρέφειν
617 507 721 545 nolui
744 507 908 546 reddere
935 511 1037 556 (cum
1066 507 1314 558 quibusdam)
1333 506 1433 543 inter
1453 519 1492 544 se
1510 505 1707 544 converti:
1737 504 1785 541 rie

348 567 435 616 quis
453 581 538 606 eum
554 574 709 619 putaret
727 568 833 606 aliud
853 569 926 606 hoc
948 569 1064 606 verbo
1082 581 1194 619 quam
1215 567 1403 618 parisosin
1423 566 1526 604 illam
1545 567 1641 605 velle
1660 572 1786 604 osten—

348 627 453 666 dere.
508 627 609 666 Nam
639 634 680 666 et
709 628 849 666 Fabius
889 641 972 666 eam
1005 629 1177 677 agnoscit
1205 628 1242 665 in
1275 628 1349 664 hoc
1380 626 1513 664 dicto:
1543 630 1568 648 “
1586 627 1785 671 Quantum

340 687 483 737 possis,
495 689 535 724 in
551 700 590 724 eo
603 699 748 736 semper
760 688 933 738 experire
947 692 993 725 ut
1005 687 1184 738 prosis.·”
1205 700 1345 725 vocans
1360 692 1489 724 tamen
1508 679 1680 737 πάρισον.
1698 686 1785 723 Nec

345 760 435 784 vero
464 750 713 800 α’ντιστρέφειν
741 753 888 786 tantum
919 748 1013 786 dicit
1051 748 1272 799 Dionysius,
1302 748 1368 786 sed
1398 747 1513 786 etiam
1541 748 1785 797 ἀντίστροφον

345 821 441 847 esse.
499 809 637 847 Fabius
667 809 929 859 contraposita
950 816 1076 854 vocat,
1106 809 1204 847 libro
1222 810 1272 847 ix.
1310 810 1395 847 “In
1426 808 1679 846 concionibus
1697 806 1783 858 qui-

346 868 434 906 dem
462 869 576 906 etiam
604 869 781 907 similiter
811 869 990 906 cadentia
1009 869 1185 919 quaedam
1218 876 1258 907 et
1286 868 1550 919 contraposita
1569 868 1784 918 deprehen-

347 928 454 966 das.’'
506 929 614 967 Idem
643 929 735 967 alibi
761 929 916 966 scribit:
948 932 972 949 “
989 929 1164 966 Gratiam
1185 929 1337 967 dicendi
1358 943 1378 966 e
1400 929 1558 979 paribus
1581 927 1784 965 contrariis

346 990 584 1041 acquirere.''
638 991 767 1033 Quum
787 996 915 1027 autem
944 988 1122 1027 ‹im-[Sera
1140 988 1235 1026 εἶναι
1261 997 1300 1028 et
1327 991 1552 1027 ἄντίκεισθαι
1571 988 1667 1025 dicit
1686 987 1784 1024 Dio-

347 1051 491 1101 nysius,
510 1051 558 1089 ad
578 1063 661 1088 eam
683 1063 835 1101 quoque
865 1050 1022 1098 respicit
1049 1050 1332 1100 oppositionem
1354 1063 1430 1099 qua
1451 1062 1509 1086 res
1528 1049 1642 1085 rebus
1664 1060 1786 1098 oppo-

347 1118 501 1148 nuntur.
559 1111 716 1157 Verum,
736 1117 778 1149 ut
794 1110 943 1160 longius
973 1110 1090 1147 initia
1116 1109 1352 1160 Dionysiana
1378 1109 1676 1159 reprehensione
1695 1120 1784 1157 pro·

346 1171 510 1220 grediar‚
540 1170 755 1220 subjungit,
787 1171 999 1208 Isocratem
1030 1170 1186 1208 tolerari
1219 1170 1402 1219 potuisse,
1425 1169 1455 1206 si
1490 1168 1551 1205 hic
1572 1168 1706 1205 saltem
1732 1167 1787 1205 illi

345 1231 580 1268 affectatioui
611 1231 767 1269 modum
801 1231 1013 1281 posuisset:
1061 1230 1164 1281 quod
1205 1243 1290 1267 eum
1323 1242 1399 1267 non
1431 1228 1568 1266 fecisse
1602 1228 1786 1266 ostendit.

345 1291 444 1328 Nam
476 1291 512 1328 in
544 1291 707 1342 periodo
726 1305 812 1342 quae
837 1291 942 1329 illam
977 1291 1134 1341 excipit,
1160 1290 1274 1328 tatem
1298 1303 1406 1328 esse:
1436 1289 1493 1327 ὅτι
1523 1294 1601 1331 τοῖς
1619 1288 1785 1337 α’γαθοῖς

344 1358 416 1389 τῶν
435 1351 640 1402 ἀνθρώπων
666 1352 768 1390 οὐδὲν
796 1351 913 1397 δεήσει
943 1354 1093 1388 πολλῶν
1121 1351 1366 1402 γραμμάτων,
1384 1351 1473 1387 ἀλλ’
1492 1351 1631 1398 ὀλίγων
1649 1348 1786 1395 συνθη-

343 1412 484 1462 μάτων,
504 1414 562 1449 καὶ
575 1413 655 1463 περὶ
673 1418 745 1450 τῶν
760 1419 888 1451 κοινῶν
907 1403 1064 1461 καὶπερὶ
1083 1419 1154 1450 τῶν
1175 1411 1276 1449 ἰδίων
1295 1413 1572 1461 ὁμονοήσουσιν.
1606 1409 1683 1447 Ubi
1703 1423 1786 1447 esse

342 1478 482 1523 πάρισα
501 1474 596 1511 dicit
616 1474 700 1511 haec
721 1474 812 1518 duo,
840 1474 1070 1524 γραμμάτων
1090 1479 1128 1510 et
1148 1472 1418 1524 eva'erdi-wv:
1449 1478 1487 1509 at
1512 1483 1604 1509 vero
1634 1474 1788 1509 πολλῶν

345 1540 383 1571 et
404 1535 557 1582 ὀλίγων,
577 1540 704 1571 κοινῶν
724 1541 762 1571 et
784 1533 900 1584 ἰδίων,
920 1546 1001 1571 esse
1022 1532 1211 1571 cim-[Sera.
1269 1536 1335 1570 Est
1355 1537 1483 1569 autem
1503 1531 1785 1569 observandum

345 1600 381 1630 et
405 1594 466 1631 hic
485 1595 588 1644 quod
612 1601 721 1632 antea
747 1594 838 1639 dixi,
859 1595 926 1631 ubi
951 1595 1137 1631 antitheta
1154 1600 1280 1638 vocat,
1302 1593 1349 1630 ad
1372 1592 1494 1643 ipsam
1510 1605 1596 1642 quae
1615 1592 1652 1629 in
1672 1593 1787 1631 rebus

345 1660 403 1692 est
423 1656 628 1693 antithesin
651 1656 855 1705 respicere.
913 1655 1123 1704 Subjungit
1144 1654 1380 1705 Dionysiust
1408 1653 1533 1700 ἔπειθ’,
1550 1657 1664 1703 ὥςπερ
1683 1654 1788 1692 οῦδὲν

343 1718 491 1766 εἰρηκὼς
519 1721 696 1759 τοιοῦτον,
729 1714 890 1764 α’ἓρόαις
916 1715 1101 1753 ἐπικλύσει
1133 1720 1216 1757 ταῖς
1239 1716 1505 1764 παρισώσεσιν.
1562 1715 1790 1764 Respondet

344 1781 472 1813 autem
495 1776 569 1812 boc
590 1776 759 1812 futurum
789 1775 976 1812 ἐπικλύσει
998 1775 1234 1824 praecedenti
1261 1776 1409 1819 οἰνὴσειε
1443 1775 1508 1812 ubi
1529 1775 1680 1828 scribit,
1701 1777 1787 1813 ἀλλ’

343 1838 407 1873 οὒκ
435 1838 577 1880 ἀνήσει.
627 1836 717 1879 Quo
737 1836 851 1873 etiam
881 1836 920 1872 in
961 1836 1049 1872 loco
1078 1835 1190 1872 video
1219 1836 1365 1873 haerere
1398 1836 1538 1873 multos
1565 1839 1624 1883 (ut
1644 1836 1692 1873 de
1712 1837 1788 1875 hoc

347 1909 504 1945 quoque
524 1897 648 1934 obiter
667 1898 881 1945 moneam):
900 1896 952 1933 ita
973 1895 1075 1933 enim
1094 1896 1259 1946 scriptus
1280 1902 1362 1933 est:
1392 1898 1422 1933 εἰ
1446 1899 1592 1947 μέτριος
1610 1895 1657 1942 ἦν
1673 1898 1786 1948 μέχρι

345 1955 457 2003 δεῦρο,
479 1957 642 2001 α’νεκτὸς,
663 1959 748 1994 ἀλλ’
765 1959 827 1994 οὒκ
854 1958 996 2000 ἀνήσει.
1017 1963 1056 1994 at
1077 1956 1106 1993 si
1126 1956 1450 2006 interpunctionis
1471 1956 1601 1993 sedem
1623 1963 1785 2004 mutent,

344 2017 490 2054 haerere
520 2017 708 2055 desinent.
765 2017 828 2054 Sic
856 2023 983 2054 autem
1011 2017 1191 2054 mutanda
1211 2022 1271 2054 est
1297 2015 1359 2053 illa
1382 2015 1506 2060 sedeS,
1528 2021 1570 2053 ut
1590 2029 1678 2066 quae
1696 2023 1788 2066 post

343 2077 443 2128 δεῦρο
470 2083 543 2122 est,
572 2084 662 2127 post
691 2076 738 2122 ἦν
758 2083 952 2127 ponatur:
982 2076 1056 2114 hoc
1084 2077 1213 2123 modo,
1246 2078 1276 2113 εἰ
1304 2077 1449 2127 μέτριος
1468 2075 1527 2122 ἦν,
1556 2079 1668 2127 μέχρι
1688 2076 1788 2130 δεῦρο

343 2138 504 2179 ἀνεκτός.
561 2136 727 2174 Perinde
748 2150 793 2175 ac
824 2137 856 2174 si
875 2136 1048 2175 diceret:
1079 2137 1120 2174 Si
1148 2137 1304 2174 modum
1334 2142 1465 2174 tenere
1492 2137 1620 2184 sciret,
1645 2150 1789 2189 nequa-

345 2200 459 2247 quam
487 2196 648 2234 ulterius
669 2198 913 2247 perrexisset,
941 2211 987 2236 ac
1018 2198 1174 2235 tolerari
1200 2204 1304 2235 certe
1331 2197 1408 2235 huc
1437 2210 1561 2248 usque
1581 2199 1788 2248 potuisset.

344 2258 424 2296 Sed
445 2264 577 2296 contra
599 2261 660 2295 οὐκ
676 2260 828 2304 ἀνήσει;
861 2260 952 2310 quin
973 2260 1114 2309 potius,
1136 2258 1300 2310 ἀθρόαις
1318 2259 1503 2297 ἐπικλύσει
1522 2264 1606 2303 ταῖς
1624 2266 1788 2310 παρισώ-

346 2334 461 2357 σεσιν.
492 2318 703 2357 Videamus
738 2326 864 2358 autem
894 2320 1001 2357 illum
1031 2321 1271 2370 ἐπικλυσμόν.
1303 2319 1333 2357 is
1354 2320 1445 2358 huic
1471 2320 1559 2358 loco
1588 2321 1721 2359 subest
1738 2322 1788 2372 (si

343 2378 461 2417 fidem
487 2378 542 2416 illi
573 2379 795 2428 habemus):
827 2384 872 2418 τὰ
898 2388 970 2419 τῶν
1002 2381 1133 2419 ἄλλων
1151 2380 1301 2432 διῴκουν
1320 2380 1593 2430 θεραπεύοντες,
1612 2384 1698 2420 ἀλλ’
1716 2386 1790 2435 οὒχ

345 2438 560 2491 ὑβρίζοντες
580 2439 663 2483 τοὺς
682 2441 890 2487 ”Ελληνας·
914 2443 972 2479 καὶ
993 2446 1215 2492 στρατηγεῖν
1233 2443 1394 2491 οἰόμενοι
1412 2442 1488 2479 δεῖν
1519 2445 1655 2488 αὐτῶν,
1682 2445 1787 2481 ἀλλὰ

343 2503 394 2551 μὴ
424 2506 618 2550 τυραννεῖν
650 2504 782 2539 αὐτῶν·
810 2504 870 2538 καὶ
902 2506 1051 2552 μᾶλλον
1080 2501 1344 2552 ἐπιθυμοῦντες
1364 2504 1546 2553 ἡγεμόνες
1567 2504 1589 2548 ἢ
1612 2502 1787 2542 δεσπόται

344 2561 705 2613 προσαγορεύεσθαι,
735 2564 792 2599 καὶ
820 2570 977 2612 σωτῆρες
1007 2565 1108 2600 α’λλά
1137 2566 1186 2613 μὴ
1212 2566 1398 2613 λυμεῶνες
1428 2566 1708 2601 ἀποκαλεῖσθαι·
1740 2567 1788 2615 τῷ

344 2628 463 2660 ποιεῖν
481 2621 519 2660 εὖ
538 2626 813 2672 προσαγόμενοι
833 2626 900 2665 τοῖς
919 2626 1058 2669 πόλεις,
1077 2626 1162 2661 ἀλλ’
1188 2624 1229 2661 οὗ
1250 2622 1322 2674 βίᾳ
1342 2626 1786 2676 προσκαταστρεφόμενοι·

344 2685 572 2733 πιστοτέροις
591 2683 658 2734 μὲν
677 2688 755 2726 τοῖς
774 2685 904 2731 λόγοις
924 2686 945 2728 ἢ
966 2689 1030 2721 νῦν
1050 2689 1127 2726 τοῖς
1147 2683 1266 2734 ὅρκοις
1285 2686 1478 2735 χρώμενοι·
1501 2689 1583 2726 ταῖς
1603 2683 1639 2721 δὲ
1655 2683 1789 2729 συνθή-

344 2760 441 2788 καις,
473 2746 591 2793 ὥςπερ
619 2745 817 2792 α’νάγκαις,
851 2745 1016 2794 ἐμμένειν
1048 2747 1244 2790 ἀξιοῦντες.
1299 2745 1553 2792 Tandemque
1568 2744 1787 2783 exclamat}

345 2806 404 2842 καὶ
426 2807 461 2842 τί
481 2803 532 2841 δεῖ
551 2807 597 2841 τιὶ
618 2803 699 2840 καθ’
727 2804 862 2843 ἕκαστα
889 2804 1062 2850 διεξιόντα
1093 2808 1285 2856 μηκύνειν;
1315 2807 1447 2853 ὀλίγου
1465 2808 1540 2855 γάρ
1565 2806 1667 2847 ἄπας
1685 2806 1705 2842 ὁ
1723 2807 1788 2843 λό-

345 2881 413 2913 γος
431 2864 502 2902 ὑπὸ
521 2871 594 2902 τῶν
612 2865 780 2902 τοιούτων
800 2867 895 2916 αὒτῷ
915 2867 1157 2914 κεκόμψευται
1176 2866 1388 2916 σχημάτων.
1447 2865 1645 2914 Leguntur
1657 2870 1786 2903 autem

346 2926 384 2962 hi
403 2937 534 2963 omues
554 2924 629 2962 loci
645 2925 869 2974 panegyrici
888 2925 1068 2963 Isocratis
1090 2930 1119 2972 ξ.
1136 2927 1201 2963 κα’.
1217 2925 1288 2973 κβ’.
1303 2926 1369 2964 sed
1396 2925 1500 2975 quod
1523 2925 1706 2965 habemus
1722 2926 1785 2964 hic
