1924 3314
602 208 1169 254 ΠΑΝΗΓΥΡΙΚΟΣ.
1507 201 1614 256 207

166 349 252 377 και
276 347 393 382 τους
400 322 478 394 μὲν
497 322 711 418 θορύβους
731 348 834 383 τους
854 322 893 376 ἓν
912 327 974 391 τῷ
993 321 1246 392 πράγματι
1266 317 1514 393 «γενομένους
1537 345 1616 374 και

174 422 261 457 τας
281 397 483 472 κραυγαὶ
508 421 586 450 και
608 398 695 458 τοὶς
713 396 1080 499 παρακελεύσεις,
1098 396 1132 448 οἳ
1150 396 1277 448 κοινοὶ
1293 393 1616 449 mivwv1w-rc

174 496 259 523 των
284 471 648 542 ναυμαχούντων,
667 469 842 524 Ξούκμφ
798 496 832 524 οι
899 470 987 524 3ὅτι
1015 470 1081 523 δεῖ
1098 472 1293 537 λεγοντα
1310 469 1566 560 διατρίβειν·
1585 469 1619 520 οἳ

174 543 254 597 δ’
231 569 358 599 εστιν
383 544 473 598 ἴδια
498 570 576 598 και
605 549 682 608 τῆς
707 545 943 617 ἡγεμονίας
967 543 1080 611 ἄξια
1100 569 1177 597 και
1201 555 1291 604 τοῖς
1316 543 1620 629 προειρημένοις

176 620 525 690 ὅμολογούμενα,
553 645 705 673 ταυτα
730 619 814 672 δ”
800 645 900 690 εμον
922 619 1040 715 ἐἶργον
1065 617 1215 672 4’ἔστιν
1237 618 1388 672 εἶπειν.
1413 641 1618 670 τοσουτον

176 695 268 769 «γαρ
286 695 310 756 ἦ
335 693 474 753 ’τῦ-ολις
498 696 615 764 ἦμων
635 692 867 763 daewcpepev,
845 694 911 746 στ’
928 703 975 756 ἡν
1001 693 1219 762 οἱκεραιος,
1241 718 1324 752 ωςτ
1357 692 1620 751 α’νοὶστατος

135 769 380 839 ὺγενομένη
414 767 594 828 πλειους
623 793 702 838 μεν
734 769 1002 821 συνεζοίλετο
1035 768 1222 868 τριήρειςό
1240 790 1298 826 εις
1331 791 1404 819 τον
1438 764 1620 818 κίνδυνον

178 867 252 895 τον
280 841 385 934 ὑπερ
420 843 496 904 τῆς
527 840 807 901 Ελλαδος
778 851 802 902 ἠ
834 840 1101 910 σύμπαντες
1131 842 1169 892 οἶ
1202 840 1617 910 ς’ναυιιιαχήσαντεῧ

179 914 307 974 οὕὸεις
331 913 372 967 δε
399 938 504 989 προς
526 915 645 984 ἧμας
670 913 805 973 οὕτως
830 913 924 979 ἐχει
954 912 1232 983 ὃυσμενως,“’
1209 937 1319 972 οςτις
1344 914 1420 965 ουίι
1445 937 1498 964 αν
1518 914 1618 983 ὅμο-

177 986 378 1054 λογῆσειε
406 986 479 1039 δια
501 1012 581 1056 μεν
607 991 685 1050 τήν
715 987 978 1059 ναυμαχίαν
1009 989 1127 1057 ἧμας
1154 991 1220 1055 τῷ
1242 985 1425 1057 ’πολέμῳ
1454 989 1620 1054 κρατῆ-

178 1087 275 1126 σαι,
297 1060 463 1123 ταύτης
489 1060 532 1114 δε
559 1086 636 1124 την
661 1063 876 1154 ἦμετεξαν
901 1060 1028 1115 πολιν
1053 1061 1206 1114 αιτῖαν
1231 1061 1451 1128 γενεσθαι.

251 1160 332 1198 κη.
373 1135 538 1188 Καιτοι
571 1136 822 1207 μελλούσης
834 1160 1111 1230 στρατειας
1122 1134 1196 1189 ἔπι
1231 1159 1333 1195 τους
1365 1133 1624 1225 βαρβάρους

179 1209 408 1274 ἔσεσθαί,
426 1234 552 1270 Τίνας
585 1235 674 1287 χρη
710 1235 787 1273 Την
820 1211 1056 1282 ’ἡγεμονίαν
1091 1210 1232 1277 ἔχειν,
1272 1234 1316 1262 Ου
1351 1233 1450 1269 ‘toug
1484 1234 1523 1262 ἓν
1558 1235 1621 1278 Τῳ

179 1337 188 1356 ¹
212 1335 266 1366 εἶσι
282 1335 321 1366 A.
336 1334 370 1365 C.
389 1335 426 1365 L.
528 1332 541 1351 ²
562 1332 616 1375 οὐχ
631 1334 678 1374 ὁρῶ
694 1335 733 1365 Α.
750 1335 785 1365 C.
801 1335 836 1364 L.
965 1336 978 1355 ³
1000 1332 1031 1364 τί
1045 1334 1083 1364 Α.
1100 1334 1135 1364 L.

707 1377 719 1395 ⁵
742 1377 1031 1419 συνναυμαχήσαντες
1047 1378 1082 1408 C.

1266 1332 1278 1351 ⁴
1301 1332 1385 1362 εἰπεῖν
1397 1331 1476 1362 ἔστιν
1487 1333 1524 1362 Δ.
1537 1332 1573 1362 C.
1585 1333 1623 1362 L.

182 1480 272 1510 gnare
291 1470 453 1500 voluerunt
471 1470 520 1511 (v.
535 1470 684 1509 Taylorus
706 1470 743 1500 ad
761 1470 884 1509 Lysiam

183 1514 209 1553 §.
220 1512 284 1554 ζ’.),
294 1514 404 1543 deinde
419 1514 497 1543 socii
513 1523 571 1542 non
584 1513 701 1552 pudore
715 1517 767 1544 aut
784 1513 814 1543 vi
831 1514 885 1542 ho-

183 1556 309 1586 nestatis
333 1555 409 1586 victi
433 1556 584 1586 affuerunt
611 1556 731 1594 proelio,
751 1555 885 1595 denique

183 1603 295 1638 praeter
310 1599 555 1628 Lacedaemonios
578 1599 665 1628 multi
686 1600 738 1629 alii
760 1599 885 1629 Atheni-

184 1642 301 1671 ensium
318 1641 393 1671 socii
409 1647 624 1677 convenerant,
639 1652 715 1681 quos
731 1642 885 1671 Herodot-

183 1685 278 1714 VIlI.
290 1687 340 1714 4⁶2.
351 1694 418 1723 sqq.
428 1684 626 1714 enumeravit.
664 1685 750 1714 Adeo
760 1684 885 1714 multum

184 1728 335 1757 Isocrates
350 1727 491 1757 laudandi
508 1727 608 1756 studio
625 1727 742 1757 tribuit.
768 1728 873 1757 IDEM.

226 1770 280 1799 Καὶ
292 1787 335 1793 --
344 1767 505 1809 διατρίέειν]
525 1769 698 1808 Descripsit
710 1769 775 1799 haec
787 1770 887 1799 omnia

185 1813 296 1852 Lysias
318 1813 463 1851 Epitaph.
484 1813 511 1852 ᾗ.
530 1811 563 1842 η’.
578 1822 668 1850 quem
690 1813 727 1841 ab
748 1813 886 1841 Isocrate

185 1856 235 1885 hic
270 1855 453 1894 reprehendi
485 1855 684 1884 Marklandus
721 1855 886 1884 existimat.

187 1898 301 1928 Eadem
312 1899 375 1928 fere
383 1899 479 1928 verba
487 1898 585 1927 Isocr.
595 1897 725 1937 Evag.§.
735 1896 772 1932 ς’.
782 1898 886 1928 Imm.

228 1942 331 1971 Ταῦτα
346 1939 385 1982 δ’]
410 1940 516 1971 Malim
530 1941 570 1976 δὴ,
581 1944 631 1969 aut
645 1951 689 1978 γε,
702 1951 768 1970 nam
785 1940 812 1970 δὲ
829 1951 887 1970 ηοι]

187 1988 236 2014 est
255 1984 407 2014 idoneum.
431 1985 537 2014 Imm.
581 1983 643 2012 Sed
664 1983 754 2013 etiam
775 1983 806 2013 in
825 1984 888 2013 ἀντ.

186 2028 255 2056 loco
274 2037 377 2056 omnes
392 2027 421 2056 in
439 2027 496 2056 hoo
510 2024 534 2055 δ’
548 2026 719 2056 consentire
735 2025 888 2062 videntur,

188 2080 278 2108 quum
292 2069 374 2099 nulla
387 2074 490 2099 notata
502 2070 542 2099 sit
555 2068 683 2099 varietas
695 2080 702 2106 3
724 2079 823 2108 neque
836 2069 890 2099 ali-

188 2112 260 2151 quid
287 2113 460 2142 mutandum
487 2122 554 2141 esse
580 2117 665 2150 patet
689 2123 728 2141 ex
752 2112 803 2148 iis,
824 2123 890 2152 quae

188 2155 321 2185 Werfer.
341 2155 371 2184 in
393 2156 462 2185 Act.
482 2154 595 2184 Philol.
611 2156 731 2185 Monac.
748 2155 777 2185 Ι.
792 2166 824 2196 p.
840 2158 892 2186 91.

188 2198 297 2228 sedulo
313 2199 438 2227 notavit.
462 2199 593 2228 Sponx.

225 2239 320 2270 ‘ner'
335 2241 458 2281 ἄνάστ.]
482 2240 658 2280 Legendum
675 2241 807 2276 videtur,
819 2240 894 2270 ὥστε

188 2282 236 2313 καὶ
266 2284 370 2313 avan.
394 2286 482 2314 Mon.
537 2285 605 2314 Non
631 2290 688 2319 est,
715 2284 796 2323 quod
826 2294 894 2313 cum

189 2327 280 2358 Mora
296 2332 327 2356 et
342 2328 465 2366 Augero
480 2330 644 2357 mutemus.
665 2328 795 2359 Spoun.

233 2369 348 2403 Πλειόυς
362 2380 390 2399 κ.
407 2381 438 2399 τ.
454 2370 502 2410 λ.]
521 2370 613 2399 Hunc
630 2371 728 2400 locum
749 2376 779 2400 et
796 2370 822 2409 §.
839 2368 896 2399 λα’.

191 2412 306 2452 τςιῆξεις
321 2412 486 2448 διπλασίας,
500 2412 514 2443 ἢ
529 2412 706 2451 σύμπαντες
720 2414 742 2443 οἶ
758 2413 852 2448 ἄλλοι,
866 2417 897 2442 et

193 2455 321 2485 similem
337 2456 438 2494 Lysiae
453 2456 534 2494 Epit.
543 2455 568 2495 ᾗ.
580 2455 614 2486 n'.
628 2457 673 2486 sic
682 2456 896 2495 explicandum

192 2503 278 2537 puto,
310 2504 343 2528 ut
372 2499 534 2530 Demosth.
559 2499 597 2528 de
628 2510 690 2528 cor.
717 2510 745 2529 c.
768 2502 821 2530 21.
843 2500 896 2528 70

193 2540 362 2580 Temnon-lm
382 2540 410 2570 οὐ
412 2543 467 2571 σῶν
486 2544 541 2571 ’τῶν
565 2543 666 2571 πασῶν
682 2541 831 2583 (τριηρῶν),
844 2542 899 2574 τὰς

194 2584 352 2618 διακοσίας’
345 2597 358 2614 η
369 2583 450 2618 πόλις
463 2584 536 2625 (τῶν
545 2582 708 2625 Ἀθηναίων)
720 2584 896 2626 παρέσχετο,

195 2628 328 2658 numeris
345 2628 472 2657 rotunde
489 2627 612 2666 positis:
635 2628 814 2666 quibuscum
827 2638 898 2656 con-

197 2670 340 2707 sentiunt,
363 2680 439 2710 quos
464 2671 663 2700 Valckenaer.
686 2672 724 2700 ad
746 2671 898 2701 Herodot.

196 2712 291 2744 VIII.
319 2717 348 2744 1.
376 2714 522 2750 laudavit,
550 2724 735 2753 quorumque
767 2715 833 2743 loca
861 2714 900 2743 de

199 2755 295 2785 classe
309 2757 347 2786 ad
363 2757 544 2786 Salaminem
561 2757 689 2786 collecta
704 2756 902 2795 intelligenda

201 2803 280 2828 sunt.
323 2800 384 2829 Sed
402 2801 426 2829 si
443 2810 584 2830 numeros
599 2804 737 2830 accurate
754 2799 900 2835 ineamus,

203 2841 240 2869 ab
254 2841 489 2873 Atheniensibus
506 2845 570 2872 180
588 2853 680 2872 naves
699 2843 801 2872 missae
821 2847 903 2877 sunt,

204 2882 352 2914 Herodot.
361 2886 453 2915 VIII.
463 2888 515 2917 44.
527 2890 558 2916 et
573 2886 715 2916 universa
730 2886 904 2915 Graecornm

205 2924 311 2956 classis
333 2929 395 2958 378
420 2929 547 2959 navibus
572 2929 721 2965 constitit,
743 2929 783 2959 ib.
802 2938 829 2958 c.
852 2930 904 2960 48.

207 2966 335 3007 ideoque
354 2971 552 3002 Athenienses
567 2973 772 3011 propemodum
791 2975 836 3001 tot
851 2971 907 3002 rni-

209 3016 322 3048 serunt,
335 3018 408 3052 quot
422 3015 525 3045 caeteri
540 3025 653 3046 omnes.
698 3016 776 3046 Rem
793 3015 907 3054 optime

919 1469 1071 1510 expressit
1092 1469 1288 1507 Thucydides
1309 1469 1338 1499 1.
1354 1471 1406 1500 74.
1432 1467 1476 1503 Ἐς
1499 1471 1553 1518 ‘ratze
1575 1480 1623 1500 τε-

918 1511 1071 1553 τξαιιοσίας
1082 1524 1145 1546 ναυς
1157 1513 1202 1564 (h.
1212 1523 1241 1543 e·
1253 1515 1327 1544 378.
1319 1523 1404 1552 ,quae
1413 1512 1470 1541 fuit
1482 1512 1625 1542 universa

919 1556 1043 1594 classis)
1060 1554 1238 1598 ωαξεσχόμε
1229 1555 1284 1586 εθα
1306 1555 1389 1594 ὀλίγῳ
1413 1553 1551 1588 ἐλάσσους
1569 1558 1625 1585 τῶν

919 1599 964 1628 δύο
985 1601 1094 1639 μοιρῶν.
1145 1599 1302 1629 Aristides
1324 1598 1454 1628 Panath.
1469 1608 1500 1637 p.
1515 1601 1567 1629 38.
1585 1599 1625 1628 de

919 1641 1113 1672 multitudine
1132 1643 1298 1671 Atticarum
1320 1642 1441 1671 uatium
1463 1652 1546 1670 more
1567 1651 1624 1670 suo

920 1685 1011 1714 nimis
1026 1689 1131 1723 argute
1147 1685 1269 1714 locutus
1285 1688 1342 1714 est.
1387 1683 1502 1713 Melius
1521 1695 1553 1723 p.
1571 1687 1624 1714 41.

920 1727 964 1757 δύο
977 1728 1025 1757 τοῦ
1040 1727 1144 1761 παντὸς
1152 1726 1222 1769 μέρη
1234 1726 1311 1767 μόνοι
1322 1725 1463 1757 Ἀθηναῖοι
1473 1724 1624 1765 ἐωλίιξουν.

920 1770 1017 1799 Mon.

963 1811 1035 1853 Μὲν]
1061 1813 1233 1843 Delendum
1251 1811 1390 1842 videtur:
1414 1821 1480 1842 uam
1497 1811 1580 1847 οὐδεὶς
1595 1811 1624 1842 δὲ

912 1858 980 1883 ‘non
994 1855 1124 1885 refertur
1138 1856 1175 1885 ad
1188 1856 1245 1884 hoc
1256 1854 1320 1894 μέν.
1338 1856 1444 1885 IDEM.
1479 1855 1624 1893 Augerus

922 1898 1098 1933 assentitur,
1115 1899 1230 1928 Coraes
1248 1898 1440 1927 retinendum
1457 1908 1525 1927 esse
1538 1903 1626 1937 putat

922 1946 952 1970 et
978 1940 1211 1979 interpretatur:
1247 1941 1378 1970 τοσοῦτον
1405 1941 1418 1969 ἦ
1444 1940 1527 1975 πόλις
1550 1942 1627 1980 ἡμῶν

923 1982 1036 2023 διέφερε,
1047 1983 1123 2013 ὥστε
1139 1984 1186 2013 οὐκ
1201 1982 1280 2013 ἔστιν
1292 1982 1320 2017 ὃς
1332 1983 1378 2013 οὐκ
1390 1983 1422 2013 ἂν
1433 1983 1627 2022 ὁμολογήσειεν

924 2025 1018 2056 αἰτίαν
1033 2027 1118 2057 αὗτῆν
1133 2026 1265 2065 γενέσθαι
1287 2028 1339 2061 τῆς
1358 2025 1535 2067 ναυμαχίας,
1550 2025 1584 2055 δι’
1598 2026 1627 2056 ἢν

924 2068 1120 2109 ἐκρατήσαμεν
1132 2073 1186 2100 τῶν
1201 2069 1358 2110 Βαξβάςων.
1403 2071 1463 2099 Sed
1477 2070 1556 2099 idem
1569 2069 1630 2099 for-

926 2113 1014 2142 tassis
1024 2113 1053 2142 in
1063 2113 1131 2151 μόνη
1141 2114 1315 2143 mutandum
1327 2117 1430 2142 censet
1441 2117 1471 2142 et
1483 2113 1540 2141 hoc
1554 2123 1631 2151 prae-

926 2155 1005 2185 ferre
1026 2155 1155 2186 videtur.
1200 2156 1294 2185 Male.
1337 2156 1447 2184 Orator
1468 2156 1631 2185 verborum

929 2199 1124 2228 concinnitati
1136 2204 1166 2228 et
1177 2208 1367 2228 numerorum
1379 2197 1521 2228 suavitati
1533 2198 1632 2227 indul·

931 2252 1004 2281 gens
1019 2242 1183 2280 paullulum
1201 2241 1328 2271 recessit
1347 2252 1365 2270 a
1385 2246 1469 2271 recta
1490 2241 1550 2275 via,
1567 2240 1632 2270 sive

931 2285 1034 2314 verius
1078 2284 1285 2314 obscuriorem
1330 2283 1467 2314 reddidit
1508 2294 1632 2313 nexum.

931 2329 1046 2357 Sensus
1068 2328 1118 2357 hio
1142 2332 1207 2357 est:
1231 2327 1311 2356 Urbs
1332 2327 1433 2366 plures
1454 2327 1568 2367 quidem
1589 2327 1636 2356 in-

932 2371 1047 2400 struxit
1070 2381 1162 2400 naves
1187 2370 1224 2399 ad
1249 2380 1392 2409 pugnam,
1414 2379 1503 2409 quam
1525 2369 1634 2408 reliqui

933 2414 1023 2448 socii,
1035 2413 1104 2442 iude
1119 2419 1217 2443 autem
1229 2418 1314 2452 patet
1325 2423 1389 2442 eam
1403 2412 1510 2443 salutis
1523 2418 1635 2442 nostrae

933 2467 1000 2486 esse
1027 2466 1166 2492 causam3
1196 2455 1345 2496 posterius
1371 2466 1444 2485 vero
1468 2456 1636 2485 membrum

933 2504 1040 2528 ornatu
1051 2499 1183 2529 oratorio
1197 2499 1342 2529 variatum
1356 2503 1415 2529 est.
1460 2499 1507 2528 Ex
1526 2499 1570 2528 his
1581 2497 1637 2537 μὲν

933 2541 1124 2572 retinendum
1140 2553 1207 2572 esse
1222 2542 1251 2572 in
1274 2543 1330 2572 hnc
1348 2542 1428 2577 loco,
1444 2541 1524 2580 quod
1545 2541 1637 2571 etiam

933 2586 996 2615 ἀντ.
1014 2585 1116 2621 habet,
1137 2590 1168 2615 et
1194 2585 1275 2618 οὖδεῖς
1300 2584 1328 2615 δὲ
1353 2585 1546 2614 scribendum
1569 2595 1637 2614 esse

934 2633 1072 2667 apparet.
1095 2630 1224 2659 spons.

974 2670 1086 2711 Ἦμῖις]
1117 2671 1179 2701 Pro
1201 2672 1277 2711 ἣμῖἱς
1296 2670 1390 2701 velim
1411 2670 1475 2710 legi
1487 2668 1636 2704 ιἝλληνας.

934 2715 1069 2744 Aucen.

977 2756 1108 2798 Ταύτης]
1140 2758 1190 2787 Sc.
1211 2759 1262 2792 τῆς
1289 2754 1463 2797 ναυμαχίας,
1488 2755 1638 2796 qnoniam,

937 2800 1056 2830 caeteris
1071 2801 1291 2836 recusantibus,
1308 2811 1370 2840 prae
1389 2805 1471 2830 metu
1492 2801 1638 2830 Isthmum

937 2842 1228 2879 munientibus‚etin
1237 2844 1452 2882 Peloponneso
1463 2842 1639 2874 latentibus,

939 2896 1015 2915 unus
1029 2886 1250 2917 Themistocles
1266 2885 1358 2916 sociis
1377 2885 1536 2925 persuasit,
1554 2889 1586 2913 ut
1601 2884 1638 2912 ad

939 2929 1088 2959 Salamina
1123 2929 1331 2969 confligerent,
1361 2929 1510 2959 Herodot.
1543 2925 1640 2955 VIII·

941 2974 1081 3004 56—-64,
1097 2972 1239 3012 idemque
1261 2983 1325 3007 eos,
1346 2972 1451 3011 sugere
1471 2969 1641 3003 molientes,

941 3016 1080 3047 resistere
1097 3016 1208 3055 coegit.
1232 3017 1324 3047 Mon.

1637 930 1688 966 57
