1914 3314
563 190 1159 236 ΤΡΑΠΕΖΙΤΙΚΟΣ.

144 326 219 355 του
247 300 386 374 1[μη]
412 299 546 354 δοκεῖν
579 301 743 362 ciciliam
777 304 859 356 τῶν
872 303 1136 396 α’λλοτξῖων
1171 303 1458 374 emOvptei'v'o

1472 180 1577 239 687

1440 303 1511 325 A,

1436 328 1580 370 οεγω

143 399 240 444 περι
266 378 487 429 πλείστα)
517 401 746 448 ποιοῦμαι.
783 400 913 429 ΟυσΊα
945 402 1022 447 μεν
1055 377 1146 453 γὰρ
1175 379 1300 440 ἱκανή
1322 403 1396 448 μοί
1430 402 1580 431 κατα·-

685 498 694 517 ¹
717 509 811 529 uncos
828 508 887 528 om.
904 501 940 530 A.
952 499 988 530 C.
1002 500 1036 529 L.

140 589 241 619 Cittus
257 590 419 619 dederetur
431 595 462 618 et
476 588 569 618 Pasio
585 588 751 627 puniretur.
783 589 842 619 Ille

140 632 233 672 igitur
244 643 301 662 non
317 631 356 661 de
368 631 532 670 quaestione
545 635 673 666 tantum,
687 632 738 661 sed
752 632 843 662 etiarn

138 676 179 705 de
203 675 317 714 scripto
339 674 504 707 sollicitus,
529 684 566 703 ne
587 674 617 704 id
639 684 656 704 a
671 676 843 704 Menexeno

137 718 426 756 deprehenderetur,
452 717 612 756 Satyronis
639 727 751 755 pueros
777 728 842 747 cor-

139 761 262 799 rumpit,
277 760 454 799 tabulasque
461 761 570 799 Satyro
585 760 767 796 reddendas,
784 760 842 790 nisi

138 803 198 832 iste
222 803 295 833 mihi
318 802 529 838 satisfecisset,
553 802 713 833 adulterat.
757 802 841 844 (ιβ’.)

140 847 208 875 Hac
223 857 256 875 re
277 850 402 886 peraeta
422 844 474 880 ait,
495 855 526 875 se
547 855 644 885 neque
666 846 695 875 in
712 847 842 876 Pontum

139 889 361 928 navigaturum,
378 899 473 928 neque
490 888 547 918 sibi
566 899 681 919 mecum
698 890 742 919 rei
754 890 841 928 quid-

137 942 226 971 quam
243 942 311 962 esse
323 932 500 970 tabulasque
514 941 614 961 coram
627 932 757 961 testibus
770 943 841 972 ape-

138 975 192 1005 riri
203 976 303 1013 jubet.
345 975 497 1013 Scriptum
515 974 543 1003 in
559 974 598 1004 iis
612 975 764 1004 inventurn
783 981 840 1012 est,

138 1028 206 1047 eum
230 1017 303 1047 milii
329 1017 428 1047 omnia
449 1027 516 1056 quae
537 1015 706 1051 debuisset,
725 1018 841 1057 persol-

139 1060 233 1090 visse.
254 1059 338 1100 (ιγ’.)
354 1060 504 1098 Suspicor
518 1064 630 1094 notem,
647 1060 808 1089 Pasiouern
824 1071 840 1090 e

137 1103 290 1141 corruptis
305 1103 417 1132 tabulis
430 1111 547 1131 omnem
561 1101 619 1130 sibi
633 1101 839 1131 defensionem

137 1146 313 1185 petiturum,
332 1155 387 1184 per
403 1154 471 1183 qna-2
486 1144 566 1182 ipsa,
582 1143 608 1172 si
623 1144 777 1174 attendere
792 1155 840 1174 me

138 1188 251 1222 velitis,
273 1188 355 1217 illius
377 1187 600 1226 improbitatem
619 1186 839 1217 declaraturum

136 1240 186 1260 me
198 1241 267 1260 esse
280 1240 379 1270 spero.
411 1229 488 1270 (ιδ’.)
505 1228 640 1260 Primum
654 1233 752 1259 antem
763 1230 840 1260 illud

137 1273 282 1313 cogitate,
301 1274 435 1313 judices,
462 1272 514 1312 qui
540 1272 630 1301 nobis
655 1271 685 1301 in
710 1278 841 1303 mentem

137 1317 240 1346 venire
255 1317 398 1356 potnerit.
429 1314 569 1355 Satyroni
587 1315 703 1344 tabulas
719 1316 840 1345 tradere

136 1359 361 1389 conditionibus
375 1368 467 1398 supra
480 1358 732 1393 commemoratis,
745 1358 840 1398 siqni-

137 1402 206 1432 dem
223 1401 317 1432 Pasio
342 1412 432 1432 causa
453 1402 600 1431 liberatus
617 1401 738 1437 fuisset,
755 1413 786 1431 re
802 1403 838 1432 ad

137 1445 253 1475 exitum
267 1444 434 1484 perducta?
472 1445 582 1479 Causa,
594 1453 686 1482 qnare
699 1444 757 1473 iste
769 1455 839 1484 pro-

136 1487 264 1522 miserit,
286 1499 320 1518 se
342 1498 443 1518 aurum
461 1487 663 1522 redditurum,
683 1486 713 1515 in
734 1494 839 1526 aperto

136 1535 197 1565 est,
219 1531 273 1560 sed
290 1541 382 1570 qnare
399 1541 456 1569 ego
478 1531 562 1559 illum
585 1528 711 1558 crimine
731 1530 839 1560 libera-

135 1573 205 1610 rim,
226 1574 306 1603 nulla
321 1579 377 1603 est.
422 1573 554 1612 AEquius
574 1571 668 1611 igitur
688 1577 746 1608 est,
767 1574 839 1603 mibi

134 1616 221 1646 credi
237 1617 275 1646 de
294 1616 416 1650 tabulis,
434 1627 521 1655 quam
539 1615 600 1644 isti.
646 1613 723 1655 (ιε’.)
737 1618 838 1655 Argu-

134 1664 267 1689 mentum
282 1665 379 1689 antem
392 1659 666 1693 evidentissimum,
678 1659 838 1689 Pasionem

135 1702 166 1731 in
181 1703 322 1742 pactione
341 1712 399 1732 non
414 1703 597 1737 absolutum,
613 1701 668 1730 sed
685 1711 787 1731 aurum
805 1713 837 1732 se

135 1745 216 1778 velle
235 1746 361 1775 reddere
386 1745 557 1783 pollicitum
580 1754 659 1779 esse,
682 1744 756 1774 illud
781 1750 838 1781 est,

135 1788 229 1828 quod,
244 1798 334 1827 quum
351 1789 542 1817 Menexenus
560 1788 587 1816 ei
599 1787 678 1815 diem
692 1787 838 1823 dixisset,

134 1830 229 1861 misso
246 1830 396 1870 Agyrrhio
407 1831 507 1869 petiit,
520 1835 553 1860 ut
569 1835 620 1859 ant
630 1829 837 1860 Menexennm

133 1873 295 1913 placarem,
309 1878 361 1902 ant
368 1874 538 1912 pactionem
552 1883 654 1902 secum
667 1872 771 1902 initam
787 1875 839 1902 ab·

134 1926 282 1956 rogarem.
312 1918 392 1946 Num
407 1927 479 1946 vero
491 1916 701 1955 postulaturus
718 1916 838 1952 fnisset,

136 1965 168 1989 nt
183 1959 351 1990 adulterata
371 1961 435 1988 haec
453 1960 552 1998 pactio
576 1959 758 1994 aboleretur,
780 1970 840 1998 qua

134 2013 201 2038 nos,
230 2003 257 2032 si
287 2002 495 2038 mentiremur,
527 2001 724 2032 convicturus
755 2003 838 2033 erat?

135 2046 214 2076 Eum
243 2056 316 2076 vero
345 2045 517 2084 pactionem
545 2044 666 2074 abolere
693 2045 839 2082 voluisse,

134 2089 225 2118 testis
240 2093 287 2118 est
301 2087 484 2128 Agyrrhins.
528 2087 613 2128 (ις’.)
630 2088 739 2126 Neque
765 2099 838 2119 vero

134 2131 301 2161 mirandum
325 2137 384 2166 est,
404 2142 473 2161 eum
495 2131 613 2162 tabulas
633 2131 837 2170 adulterasse3

134 2184 201 2204 nam
245 2174 385 2204 Pasionis
424 2174 544 2214 quidam
581 2174 758 2209 familiares,
791 2175 838 2205 bis

134 2217 228 2247 multo
244 2217 384 2256 graviora
404 2217 630 2247 commiserunt.
675 2215 756 2257 (ιζ’.)
773 2218 838 2248 Ex-

133 2260 235 2300 emplo
256 2260 296 2290 sit
314 2260 482 2300 Pythodori
505 2261 630 2290 tactum.
673 2259 838 2301 (m'.).1am

133 2308 232 2333 autem
251 2303 339 2333 Pasio
353 2303 534 2342 quibusdam
547 2303 733 2343 persuadere
749 2313 838 2334 cona-

134 2350 183 2375 tus
198 2352 256 2381 est,
269 2345 345 2375 mihi
365 2357 489 2385 prorsus
511 2348 610 2377 nullas
625 2345 771 2386 pecunias
788 2347 837 2377 bic

133 2388 239 2423 fnisse.
250 2389 330 2428 quod
347 2399 366 2418 a
379 2389 529 2419 Stratocle
542 2394 693 2420 trecentas
709 2394 837 2419 stateres

133 2431 190 2461 sim
215 2437 378 2466 mutuatus,
408 2432 446 2461 de
470 2432 583 2471 quibus
605 2431 710 2462 andire
737 2442 837 2472 operae

133 2474 263 2512 pretinm
287 2480 344 2504 est.
369 2473 451 2514 (ιΘ’.)
475 2476 554 2505 Haec
576 2475 656 2514 ipsa,
678 2485 745 2514 quae
769 2486 837 2505 cum

132 2517 283 2548 Stratocle
293 2517 354 2555 egi,
363 2517 542 2547 firmissimae
551 2523 620 2548 sunt
629 2517 836 2559 probationes,

133 2560 208 2591 mihi
222 2560 303 2600 apud
320 2561 481 2590 Pusionem
498 2571 602 2591 aurum
618 2560 722 2590 fuisse.
757 2562 836 2591 Nam

133 2613 222 2642 quum
235 2604 414 2634 Stratoclem
428 2603 456 2632 iu
472 2604 598 2634 Pontum
611 2603 836 2642 navigaturum,

132 2656 150 2675 e
172 2656 233 2685 qna
255 2657 312 2686 ego
338 2647 482 2686 plurimas
510 2646 653 2686 pecunias
677 2652 835 2684 exportare

132 2689 280 2725 volebam,
302 2699 454 2728 precarer,
475 2696 505 2719 ut
527 2699 616 2720 suum
636 2699 741 2719 aurum
762 2691 835 2720 mihi

131 2731 296 2771 reliqueret
309 2743 467 2771 meumque
476 2743 496 2762 «a
508 2739 592 2771 patre
603 2742 670 2762 meo
685 2732 836 2772 reciperet

132 2773 163 2803 in
177 2775 289 2811 Ponto,
301 2775 399 2812 Pasio,
411 2776 467 2805 nisi
481 2777 525 2805 sic
537 2780 629 2811 esset,
643 2779 677 2804 ut
688 2775 834 2811 dicerem,

131 2820 163 2846 et
178 2823 290 2848 sortem
315 2824 346 2848 et
365 2829 471 2848 usuras
495 2819 682 2849 redditurum
699 2828 733 2848 se
749 2819 834 2848 Stra-

132 2859 204 2889 tocli
220 2861 369 2899 promisit.
403 2860 474 2902 (κ’.)
491 2862 640 2893 Fortassis
653 2866 751 2891 autem
764 2861 833 2891 inde

130 2902 348 2934 demonstrabit
370 2910 524 2944 testesque
548 2905 593 2935 rei
618 2904 777 2944 producet,
801 2915 833 2935 se

130 2944 204 2975 mihi
223 2946 298 2977 nihil
318 2947 440 2982 debere,
466 2952 495 2978 1.
510 2948 590 2988 qnod
611 2957 711 2978 coram
731 2948 832 2987 Satyri

129 2990 378 3027 procuratoribus
402 2992 587 3030 negaverim,
615 3001 662 3021 me
686 2990 758 3022 nihil
782 2991 833 3021 ba-

878 590 963 629 bere,
982 595 1094 629 praeter
1115 601 1161 628 ea,
1182 602 1248 632 quae
1268 591 1345 631 ipsis
1368 592 1579 630 tradidissem,

877 634 907 662 2.
940 633 1021 671 qnod
1057 634 1212 664 confessus
1247 635 1314 668 sim,
1351 640 1501 665 trecentas
1532 644 1580 665 me

875 676 1035 706 drachmas
1050 678 1179 713 debere;
1203 679 1233 707 3.
1248 679 1329 717 quod
1345 677 1579 716 Hippolaidam,

877 718 1025 758 hospitem
1050 725 1080 749 et
1097 720 1273 750 familiarem
1295 730 1405 755 meum,
1427 730 1443 749 a
1464 731 1496 750 se
1515 731 1580 750 mu-

875 765 960 790 tuum
977 772 1095 792 sumere
1109 763 1309 802 permiserim.
1334 761 1424 804 (καί.)
1439 763 1517 792 Haec
1531 773 1580 793 me

876 804 983 834 fecisse
1000 806 1157 841 confiteor,
1179 806 1244 841 sed,
1268 811 1302 835 ut
1321 806 1410 835 facile
1429 806 1579 844 conjicere

875 848 1016 885 potestis,
1028 859 1064 877 eo
1079 848 1264 884 consilio,nt
1278 849 1352 878 nihil
1368 848 1440 878 mihi
1457 859 1525 878 esse
1540 852 1579 878 eo

875 890 994 919 facilius
1018 891 1055 920 iis
1077 892 1301 930 persuaderem.
1344 893 1454 921 Testes
1473 897 1579 921 contra

875 933 1052 971 producam,
1068 934 1140 963 satis
1155 934 1337 973 locupletes,
1359 934 1476 973 aliaque
1493 934 1580 964 testi-

875 975 976 1004 monia
1004 977 1168 1015 proferam,
1197 987 1245 1006 me
1273 987 1396 1015 magnas
1426 987 1500 1015 opes
1530 977 1579 1006 hic

874 1018 1061 1056 possedisse.
1102 1018 1190 1059 (κέ.)
1204 1019 1285 1056 Quin
1299 1018 1402 1057 ipsum
1416 1018 1578 1048 Pasionem

873 1060 1051 1098 producam,
1065 1071 1123 1091 non
1145 1062 1260 1096 verbis,
1280 1061 1334 1090 sed
1350 1061 1430 1090 facto
1447 1061 1520 1091 mihi
1535 1066 1580 1091 te-

874 1103 1064 1133 stificantem.
1109 1104 1186 1133 Nam
1204 1104 1361 1133 occasione
1382 1104 1509 1142 quadam
1528 1105 1581 1133 Ar<

873 1145 1070 1181 chestratum,
1087 1156 1199 1176 mensae
1223 1157 1286 1176 suae
1302 1146 1491 1185 praesectum,
1506 1146 1579 1176 mihi

873 1187 1010 1218 exhibuit
1019 1193 1135 1227 septem
1147 1189 1292 1218 talentum
1303 1198 1491 1228 sponsorem,
1500 1190 1579 1228 qnod

872 1230 972 1260 facere
989 1231 1047 1261 sibi
1061 1230 1209 1267 cavisset,
1221 1231 1247 1261 si
1259 1242 1306 1261 me
1318 1231 1392 1261 nihil
1408 1231 1456 1261 hic
1470 1232 1580 1262 babere

874 1273 1027 1303 scivisset.
1055 1276 1222 1304 Trecentas
1235 1274 1328 1314 igitur
1337 1274 1412 1304 istas
1421 1275 1580 1305 drachmas

874 1326 922 1345 me
938 1316 997 1346 sibi
1009 1317 1122 1347 debere
1138 1321 1251 1347 tantum
1268 1317 1433 1353 simulavit,
1447 1322 1476 1347 et
1489 1328 1579 1356 spou-

874 1369 925 1388 sor
939 1359 1038 1389 factus
1061 1365 1120 1395 est,
1137 1370 1228 1399 quum
1250 1370 1354 1390 aurum
1376 1370 1478 1390 meum
1498 1362 1579 1399 apud

874 1412 906 1431 se
931 1402 1104 1442 depositum
1126 1403 1261 1433 baberet.
1306 1402 1395 1444 (κγ’.)
1418 1403 1451 1432 Si
1479 1409 1577 1433 autem

874 1444 986 1483 optime
996 1446 1158 1485 percipere
1168 1445 1327 1476 volueritis
1339 1446 1577 1476 controversiam

873 1489 1172 1527 omnem‚reputetis,
1183 1499 1296 1527 qnaeso,
1311 1493 1410 1519 utrum
1427 1489 1578 1518 verisimi-

871 1530 931 1560 lius
948 1531 999 1566 sit‚
1015 1541 1063 1560 me
1079 1532 1172 1561 tantis
1188 1532 1328 1561 afflictum
1344 1532 1577 1568 calamitatibus,

873 1574 982 1612 quibus
997 1579 1068 1604 tuuc
1080 1585 1174 1609 eram,
1188 1575 1344 1604 Pasionem
1361 1574 1472 1613 injuste
1488 1585 1578 1605 accu-

873 1627 967 1652 sasse,
983 1628 1018 1646 an
1035 1618 1124 1653 hunc,
1140 1621 1202 1646 tum
1215 1616 1328 1646 nostris
1345 1618 1577 1652 calamitatibus,

873 1664 937 1689 tum
959 1670 1068 1700 magna
1088 1661 1219 1698 pecunia
1239 1660 1415 1698 impulsum,
1437 1661 1576 1690 fraudare

874 1713 927 1732 nos
945 1703 1100 1733 voluisse?
1129 1703 1211 1739 Quid
1228 1713 1275 1732 me
1290 1702 1449 1741 impellere
1462 1704 1578 1742 potui:-

874 1751 931 1781 set,
955 1751 989 1775 nt
1011 1746 1197 1785 postularem
1222 1756 1238 1774 a
1263 1746 1403 1779 Pasionc,
1430 1756 1496 1784 quae
1517 1746 1577 1776 iste

873 1789 946 1818 mihi
963 1799 1020 1818 non
1037 1789 1206 1824 debuisset,
1222 1794 1252 1817 et
1267 1799 1430 1827 sperarem,
1448 1799 1483 1818 ea
1496 1800 1576 1828 prae-

874 1836 920 1861 ter
957 1842 1075 1861 omnem
1112 1831 1373 1870 exspectationem
1415 1832 1576 1871 accipere!

871 1872 957 1913 (κδ’.)
980 1875 1023 1904 At
1038 1885 1110 1904 vero
1127 1874 1249 1904 pasioni
1265 1875 1338 1904 talia
1352 1874 1489 1913 apprime
1505 1885 1578 1905 con·

873 1918 1018 1954 veninnt3
1035 1917 1174 1956 quitum,
1186 1927 1277 1957 quum
1287 1917 1427 1956 persequi
1438 1918 1577 1956 injuriam

873 1970 931 1990 non
947 1966 1095 2000 poteram,
1107 1961 1294 1995 criminatur,
1306 1970 1354 1990 me
1366 1960 1477 1999 injuste
1492 1961 1575 1991 litem

873 2002 984 2033 inferre
1008 2008 1147 2033 conatum
1174 2014 1254 2043 esse,
1269 2009 1430 2042 postquam
1448 2014 1519 2033 vero
1544 2009 1577 2034 et

872 2057 929 2085 ego
950 2051 1097 2086 purgatus
1120 2057 1216 2077 essem
1237 2047 1362 2076 crimine
1384 2047 1466 2086 apud
1487 2047 1575 2086 Saty-

871 2099 936 2120 rum
953 2095 984 2120 et
999 2090 1090 2119 istum
1107 2100 1213 2120 omnes
1229 2090 1399 2119 damnatum
1416 2089 1454 2120 iri
1469 2090 1575 2120 crede-

872 2138 952 2169 rent,
976 2137 1038 2162 tuni
1067 2132 1108 2162 ait
1129 2143 1162 2163 se
1181 2143 1198 2162 a
1218 2143 1266 2163 me
1290 2133 1428 2162 omnibns
1464 2132 1575 2162 libera-

873 2181 934 2206 tum
958 2186 1025 2206 esse
1048 2175 1256 2215 petitionibus.
1309 2174 1394 2216 (κε’.)
1417 2176 1478 2205 Sed
1495 2177 1574 2213 ejus-

871 2219 954 2248 modi
983 2219 1041 2248 sibi
1067 2219 1217 2248 contraria
1247 2218 1342 2247 multa
1371 2218 1482 2248 fecisse
1515 2219 1575 2248 Pa-

872 2262 985 2291 sionem
1017 2267 1048 2291 et
1079 2261 1161 2291 illius
1192 2261 1379 2291 mendacium
1410 2262 1449 2290 de
1480 2272 1574 2300 puero

871 2315 950 2334 nunc
967 2315 1068 2339 servo,
1083 2314 1161 2334 nunc
1183 2304 1291 2340 libero,
1308 2310 1338 2334 et
1356 2304 1466 2334 furtum
1487 2304 1576 2334 nobis

871 2347 1001 2377 affictum
1025 2347 1096 2377 satis
1119 2347 1292 2377 ostendunt.
1345 2346 1406 2382 Qui
1430 2347 1459 2376 in
1485 2348 1575 2377 rebus

871 2395 930 2420 tarn
956 2389 1124 2420 manifestis
1147 2390 1301 2426 mentitur,
1323 2389 1350 2419 ei
1376 2389 1405 2418 in
1427 2389 1479 2426 iis,
1505 2400 1574 2428 quae

870 2433 938 2472 quis
972 2433 1055 2462 solus
1084 2443 1151 2462 enm
1188 2433 1253 2462 solo
1287 2432 1361 2471 agit,
1385 2432 1468 2462 nulla
1499 2433 1574 2462 fides

870 2476 1007 2506 habenda
1025 2481 1084 2505 est.
1105 2474 1197 2516 (ug-¹.)
1222 2475 1395 2510 Postremo,
1419 2476 1458 2505 nd
1482 2476 1572 2515 Saty·

869 2529 933 2549 rum
958 2529 991 2548 se
1015 2517 1224 2558 navigaturum
1245 2518 1414 2558 pollicitus,
1434 2518 1524 2548 etiam
1542 2519 1571 2548 in

870 2573 906 2591 eo
921 2573 969 2592 me
984 2561 1113 2602 decepit.
1148 2562 1237 2592 Misit
1262 2561 1340 2591 enim
1365 2571 1482 2591 mecum
1507 2561 1572 2592 Cit-

868 2610 944 2640 tum,
979 2606 1065 2642 cnjus
1104 2608 1203 2634 tamen
1236 2603 1398 2643 praesentia
1430 2605 1473 2635 ad
1519 2606 1571 2642 jus

869 2648 1029 2677 dicendum
1046 2657 1232 2686 nequaqnam
1256 2647 1434 2677 sufficiebat.
1483 2646 1572 2688 (κζ’.)

869 2691 950 2720 Illud
966 2695 1065 2720 autem
1086 2690 1251 2720 maximum
1274 2691 1477 2720 testimoninm
1498 2700 1569 2719 esse

867 2733 1008 2769 arbitror,
1025 2733 1185 2763 Passionem
1201 2733 1340 2772 pecuniis
1356 2744 1403 2764 me
1419 2733 1570 2771 fraudare,

867 2777 947 2816 quod
976 2786 1104 2815 puerum
1124 2775 1256 2818 depositi
1271 2776 1425 2806 conscium
1443 2776 1472 2805 in
1488 2785 1569 2813 quae-

867 2820 995 2850 stionem
1033 2820 1152 2849 tradere
1190 2819 1297 2849 noluit.
1355 2820 1454 2857 Quum
1490 2817 1569 2847 enim

868 2862 971 2897 sciret,
987 2866 1168 2892 tormentum
1183 2872 1249 2892 esse
1266 2865 1472 2901 argumentum
1490 2860 1568 2889 vali-

866 2905 1023 2936 dissimum
1039 2906 1078 2935 de
1095 2905 1239 2945 negotiis,
1263 2906 1371 2944 quibus
1393 2908 1487 2933 testes
1508 2912 1567 2932 non

867 2949 1057 2984 adhibemus,
1069 2959 1124 2979 vos
1140 2950 1314 2988 conjectura
1327 2946 1379 2981 uti,
1395 2955 1483 2985 quain
1503 2955 1567 2975 rem

867 2997 952 3023 certo
987 3002 1173 3031 cognoscere
1200 2990 1316 3021 maluit.
1389 2990 1566 3027 Quanquam
