1914 3314
111 795 189 834 Pag.

140 838 189 867 ed.

33 878 76 910 H.
84 880 189 918 Steph.

893 465 950 507 Z.

646 581 907 629 ᾸΣΟΚΡ

467 691 899 744 ἊᾸΡΕΟΙΙΑ

919 581 1186 630 ΑΤΟΥΣ

930 696 1382 744 PITIKtJX

860 829 984 836 -—.

115 927 189 960 140
206 905 617 956 oe'.1·IOAAO‘r>:
635 927 752 973 υμων
768 927 891 972 οιμαι

206 1001 319 1044 ἔχων
345 999 450 1052 περι
485 999 701 1051 σωτηρίας
735 1000 813 1037 Την
847 999 906 1050 'Fe

907 900 1205 992 Soevpaeoigecv'
1178 902 1329 963 ηντινοί
1342 925 1453 954 ποτε
1474 927 1642 972 ’γνωμην

910 973 1102 1027 οσοὸον
1087 976 1375 1046 εποιησοὲμην,
1403 977 1540 1051 &igme
1567 978 1645 1038 τῆς

613 1081 621 1099 ¹
647 1086 946 1111 ΑΡειοΠΑΠτικοΣ
963 1081 1001 1111 Α.
1015 1081 1050 1111 C.
1064 1081 1097 1111 L.
1110 1081 1236 1121 passim.

245 1157 532 1188 SUMMARIUM.
561 1156 628 1196 (α’.)
655 1158 834 1196 Quanquam
865 1158 906 1186 A-

202 1201 402 1230 theniensium
417 1200 591 1241 reipublicae
608 1201 665 1229 hoc
684 1206 818 1239 tempore
834 1210 906 1229 con-

204 1243 280 1273 ditio
295 1244 334 1273 ob
349 1254 454 1282 pacem
472 1248 502 1272 et
518 1243 682 1282 potentiam
703 1242 906 1282 prosperrima

203 1286 355 1321 videatur,
371 1292 481 1322 tamen,
498 1287 578 1325 quod
600 1286 687 1316 multi
708 1286 906 1321 mirabuntur,

203 1328 285 1358 salus
295 1329 428 1359 civitatis
441 1334 548 1359 nostrae
562 1330 651 1368 hujus
662 1329 806 1358 orationis
818 1339 906 1368 argu-

203 1377 335 1402 mentum
351 1372 420 1402 erit.
449 1371 523 1412 (θ’.)
546 1372 619 1411 Ipsa
633 1372 711 1402 enim
729 1372 793 1401 baec
807 1378 906 1402 vestra

202 1413 312 1444 virium
336 1415 447 1444 fiducia
468 1414 498 1444 in
521 1425 610 1444 causa
632 1419 693 1451 est,
707 1425 797 1454 quare
819 1414 907 1444 vobis

203 1457 308 1493 timeo,
323 1467 424 1496 quum,
439 1457 481 1487 uti
500 1457 792 1491 bacedaemoniorum
809 1462 840 1486 et
853 1468 906 1487 uo-

203 1505 266 1529 stra
295 1500 431 1539 ipsorum
458 1500 600 1538 exempla
627 1500 757 1529 maxime
783 1501 905 1536 docent,

204 1553 279 1582 opes
305 1553 341 1572 ac
366 1543 529 1582 potentiam
553 1543 705 1573 dementia
727 1553 761 1572 ac
783 1543 906 1573 licentia

203 1586 341 1615 comitari
357 1585 483 1622 soleant,
499 1586 627 1624 inopiam
646 1596 717 1615 vero
733 1591 764 1615 et
787 1586 906 1615 humili-

202 1633 296 1658 tatem
313 1628 474 1668 prudentia
489 1639 523 1658 ac
539 1628 714 1658 moderatio.
745 1627 819 1669 (γ’.)
841 1629 906 1658 Nos

202 1678 287 1701 certe
303 1675 392 1701 cauta
406 1675 436 1701 et
450 1671 590 1711 diligenti
602 1682 701 1701 rerum
714 1671 905 1701 administra-

155 1713 157 1715 *
202 1713 285 1744 tione
301 1713 425 1744 Graeciae
437 1713 590 1753 principes
604 1715 685 1750 facti,
699 1714 785 1744 nimis
799 1724 907 1753 magua

204 1756 313 1786 virium
335 1756 444 1786 fiducia
459 1757 635 1786 servitutem
660 1756 712 1786 vix
733 1757 904 1796 effugimus,

202 1798 345 1839 idemque
357 1799 418 1830 fere
430 1800 669 1829 Lacedaemoniis
682 1800 794 1829 evenit.
821 1800 905 1830 Hinc

203 1842 376 1882 insipientis
401 1847 458 1877 est,
476 1843 566 1872 rebus
588 1843 788 1882 praesentibus
814 1843 903 1872 confi-

202 1886 287 1915 dere.
317 1883 385 1926 (8'.)
408 1886 508 1924 Quum
524 1883 644 1916 amissis
661 1885 799 1916 Thraciae
821 1885 904 1915 urbi-

204 1929 261 1958 bus
288 1933 319 1958 et
344 1928 421 1957 ultra
445 1928 526 1958 mille
549 1928 671 1958 talentis
696 1929 725 1958 in
753 1928 904 1968 stipendia

203 1971 332 2000 militum
344 1970 612 2009 profusis,Graecis
621 1971 747 2011 insuper
756 1971 904 2010 suspecti,

203 2014 331 2043 barbaro
346 2014 449 2043 hostes
465 2014 538 2043 sacti
553 2013 705 2053 sociisque
723 2014 834 2043 vestris
849 2015 903 2044 de-

204 2055 316 2092 stituti,
334 2057 379 2086 bis
390 2057 463 2095 jam,
480 2057 566 2095 quasi
586 2068 618 2086 re
639 2067 782 2096 prospere
805 2063 902 2096 gesta,

203 2099 444 2138 supplicationes
468 2099 678 2135 decreveritis,
699 2105 760 2135 aut,
784 2101 903 2139 quantis

203 2142 235 2171 iu
251 2141 349 2171 turbis
360 2142 469 2172 civitas
484 2148 632 2178 versetur,
644 2153 701 2172 nou
715 2143 904 2173 animadver-

203 2188 279 2220 tere,
290 2192 341 2214 aut
350 2185 458 2214 nullam
471 2195 594 2224 prorsus
606 2187 671 2224 ejus
683 2195 782 2216 curam
793 2187 903 2216 habere

202 2227 358 2258 videmini.
385 2227 447 2268 (ε’.)
467 2228 568 2267 Atque
583 2229 686 2258 harum
702 2239 801 2258 rerurn
815 2239 904 2259 causa

202 2275 251 2300 est
262 2271 439 2310 reipublicae
449 2270 554 2307 forma,
567 2282 634 2311 quae
646 2272 674 2301 in
687 2272 811 2302 civitate
823 2271 903 2302 idem

202 2313 294 2349 valet,
305 2313 382 2343 acin
396 2324 522 2353 corpore
532 2313 740 2352 intelligentiae
755 2315 813 2351 vis,
823 2326 903 2354 quae-

201 2366 260 2396 que
273 2357 312 2386 de
323 2356 462 2386 omnibus
471 2357 563 2386 rebus
573 2358 744 2387 deliberans
757 2359 903 2388 secundas

201 2410 251 2430 res
274 2404 388 2434 servat,
405 2400 548 2430 adversas
565 2401 652 2436 vitat,
667 2411 816 2440 quamque
838 2411 904 2436 nos,

202 2452 293 2481 quum
309 2443 474 2481 depravata
490 2443 542 2478 sit,
554 2443 646 2473 dictis
662 2443 783 2482 quidem
800 2453 904 2484 repre-

201 2484 372 2520 bendimus,
384 2495 490 2514 revera
501 2485 546 2514 illi
562 2496 578 2514 n
593 2487 755 2524 majoribus
771 2492 904 2526 acceptae

201 2528 400 2568 praeferimus.
423 2527 498 2568 (ς’.)
519 2529 587 2559 Una
600 2538 670 2558 vero
683 2529 758 2559 ratio
774 2535 832 2565 est,
847 2539 905 2569 qua

201 2575 232 2601 et
242 2570 427 2601 imminentia
439 2571 575 2610 pericula
587 2571 776 2602 declinentur
788 2578 818 2601 et
828 2583 904 2612 prae-

200 2614 302 2644 sentia
316 2618 540 2650 removeantur,
552 2614 576 2643 si
590 2615 702 2653 rejecta
714 2620 827 2650 nostra,
839 2625 904 2645 eam

202 2656 414 2687 democratiam
435 2666 581 2686 revocare
603 2657 798 2693 voluerimus,
815 2668 903 2697 quam

204 2699 294 2729 Solon
310 2698 478 2734 constituit,
490 2699 720 2739 Clisthenesque
735 2701 904 2736 revocavit,

204 2745 320 2782 quaque
336 2752 392 2772 nec
407 2742 631 2781 popularior-em
654 2753 708 2772 nec
727 2743 904 2782 reipublicae

207 2785 355 2814 utiliorem
384 2785 584 2823 reperiemus.
630 2785 699 2826 (ζ’.)
737 2787 904 2825 Utramque

205 2835 292 2862 vero,
300 2832 330 2857 et
339 2833 517 2867 praesentem
528 2834 560 2858 et
570 2832 701 2858 veterem
712 2828 806 2864 illam,
816 2839 904 2868 quam

207 2869 394 2900 brevissimis
418 2876 538 2909 potero,
557 2872 735 2901 adumbrare
760 2873 902 2902 conabor.

207 2910 250 2951 (η’
252 2910 278 2952 .)
301 2912 396 2942 Vetus
419 2913 493 2944 illud
516 2914 785 2945 administrationis
810 2925 905 2964 genus

207 2954 291 2983 cives
302 2964 359 2984 nou
369 2955 413 2986 sic
423 2957 592 2992 erudiebat,
603 2962 634 2987 ut
644 2957 674 2987 in
685 2958 842 2997 protervia
851 2959 904 2988 de—

207 2996 392 3034 mocratiam,
402 2998 431 3028 in
448 2999 548 3040 legum
566 3000 706 3039 neglectu
722 3001 905 3037 libertatern,

941 1156 971 1186 in
991 1156 1119 1186 audacia
1137 1156 1260 1195 quidvis
1285 1157 1407 1187 dicendi
1429 1158 1643 1197 aequalitatem,

941 1204 970 1228 et
987 1199 1016 1228 in
1037 1198 1167 1228 faciendi
1188 1200 1309 1238 quidvis
1327 1199 1450 1229 licentia
1470 1201 1644 1231 felicitatem

941 1241 1069 1281 positam
1086 1252 1154 1272 esse
1170 1243 1391 1278 existimarent,
1409 1245 1461 1273 sed
1477 1245 1561 1274 cives
1581 1254 1643 1273 me-

940 1285 1032 1314 liores
1062 1290 1093 1315 et
1123 1286 1322 1315 modestiores
1351 1286 1464 1321 effecit,
1486 1297 1520 1316 ea
1543 1297 1645 1326 aequa-

939 1328 1024 1357 litate
1048 1328 1230 1363 introducta,
1251 1338 1319 1367 quae
1341 1339 1396 1368 pro
1419 1340 1472 1358 suo
1495 1340 1643 1369 quemque

940 1370 1046 1400 merito
1058 1376 1228 1400 remunerat
1238 1376 1268 1400 et
1281 1372 1378 1410 punit,
1391 1382 1446 1401 uec
1458 1383 1561 1402 omues
1574 1383 1644 1411 pro-

940 1413 1057 1443 miscue
1072 1414 1108 1443 ad
1127 1414 1314 1444 sortitionem
1336 1416 1565 1452 magistratuum
1589 1426 1641 1445 vo-

940 1456 1046 1491 canda,
1061 1457 1114 1486 sed
1131 1457 1277 1497 optimum
1296 1468 1444 1497 quemque
1466 1464 1497 1488 et
1516 1459 1643 1495 singulis

939 1499 1116 1529 muneribus
1131 1500 1263 1530 maxime
1279 1510 1380 1539 parem
1398 1501 1547 1540 eligendo.
1571 1501 1642 1542 (6¹.)

941 1543 1038 1572 Penes
1056 1543 1200 1582 populum
1219 1553 1366 1572 summurn
1388 1549 1453 1573 erat
1475 1545 1644 1584 imperium,

940 1585 1148 1624 opulentiores
1159 1596 1231 1615 vero
1240 1586 1458 1625 rempublicam
1470 1592 1560 1617 utres
1572 1597 1642 1617 suas

940 1627 1199 1664 administrabant,
1221 1628 1247 1658 si
1273 1630 1350 1658 bene
1374 1639 1438 1659 rem
1462 1630 1643 1668 gessissent,

939 1671 1003 1700 sola
1018 1671 1105 1700 lande
1118 1671 1263 1706 contenti,
1274 1672 1319 1701 sin
1333 1672 1419 1707 male,
1431 1682 1518 1710 poena
1531 1673 1643 1703 affecti.

939 1713 1022 1743 Hinc
1033 1714 1135 1749 nuUae,
1144 1718 1177 1743 ut
1188 1723 1278 1750 nunc,
1287 1715 1326 1744 de
1337 1715 1562 1754 magistratibus
1572 1726 1644 1745 con-

939 1756 1100 1792 tentiones,
1118 1757 1187 1786 binc
1203 1757 1307 1797 populi
1323 1758 1540 1796 comprobatio.
1578 1757 1642 1799 (ι’.)

941 1799 992 1829 Uti
1004 1810 1077 1829 vero
1088 1800 1262 1839 respublica
1270 1800 1300 1830 in
1314 1800 1488 1830 universum
1505 1801 1642 1831 ordinata

938 1847 1012 1876 erat,
1037 1842 1080 1872 ita
1105 1843 1277 1882 quoquoein
1304 1843 1434 1883 negotiis
1458 1844 1642 1882 quotidianis

938 1895 1072 1914 summus
1097 1887 1171 1915 ordo
1193 1886 1342 1924 apparuit.
1378 1885 1461 1927 (ια’.)
1486 1887 1569 1916 Deos
1587 1898 1643 1918 nec

937 1933 1051 1958 temere
1074 1938 1128 1957 nec
1148 1930 1324 1967 perturbate
1339 1930 1489 1964 colebant,
1505 1936 1593 1969 atque
1610 1937 1644 1961 ut

936 1970 995 2009 ipsi
1010 1971 1085 2000 deos
1099 1973 1253 2008 curabant,
1267 1973 1309 2001 ita
1321 1982 1441 2011 quoque
1455 1983 1472 2002 a
1483 1972 1543 2002 diis
1559 1974 1643 2003 exci-

935 2014 1106 2053 piebantur.
1123 2013 1206 2055 (ιβ’.)
1217 2015 1478 2051 Quemadmodum
1488 2025 1559 2045 vero
1569 2018 1644 2047 deos

936 2057 1086 2091 colebant.
1103 2057 1149 2086 sic
1170 2059 1259 2088 etiam
1281 2067 1351 2097 erga
1369 2069 1401 2087 se
1420 2059 1504 2097 ipsos
1523 2059 1645 2089 animati

936 2105 1031 2130 erant.
1058 2100 1261 2140 Pauperiores
1277 2101 1500 2140 opulentiorum
1514 2102 1645 2133 familias

936 2153 994 2173 non
1014 2144 1111 2173 minus
1131 2145 1277 2173 curabant
1298 2154 1386 2183 quam
1405 2154 1488 2180 suas,
1509 2145 1644 2184 locuple-

936 2186 1029 2215 tiores
1050 2187 1283 2216 necessitatibus
1304 2197 1467 2226 pauperum
1484 2188 1645 2218 subvenie-

936 2230 1018 2264 bant,
1049 2229 1106 2258 tuti
1134 2240 1242 2269 nempe
1269 2230 1309 2258 ob
1334 2230 1473 2268 judicum
1495 2231 1644 2268 justitiam

935 2272 1223 2312 possessionumque
1240 2272 1443 2303 securitatem.
1478 2272 1561 2313 (ιγ’.)
1584 2275 1645 2305 Cu-

932 2317 983 2354 jus
1001 2320 1059 2344 tam
1076 2323 1190 2354 pacatae
1207 2316 1285 2346 inter
1301 2326 1333 2345 se
1347 2316 1418 2345 vitae
1432 2319 1553 2355 tamque
1569 2328 1645 2356 prae-

937 2358 1025 2387 clarae
1050 2358 1276 2395 gubernationis
1300 2369 1418 2388 causam
1438 2358 1496 2388 etsi
1516 2361 1579 2398 jam
1599 2361 1645 2390 in-

939 2401 1065 2435 nuerim,
1077 2405 1188 2436 tamen,
1202 2412 1238 2431 ne
1255 2401 1324 2440 quis
1339 2403 1377 2431 de
1389 2401 1550 2432 omissione
1563 2404 1645 2442 ejus-

938 2444 1006 2473 dem
1030 2449 1182 2481 queratur,
1198 2444 1336 2484 pluribus
1350 2446 1410 2482 jam
1427 2455 1462 2474 ac
1478 2445 1644 2477 dilucidius

939 2496 1091 2525 exponere
1108 2487 1250 2517 conabor.
1289 2486 1368 2529 (ιδ’.)
1391 2487 1444 2517 Illi
1462 2499 1569 2529 nempe
1583 2500 1647 2519 ma-

933 2531 1030 2567 jorem
1051 2529 1140 2558 etiam
1159 2529 1291 2560 virorum
1312 2540 1398 2570 quam
1416 2541 1577 2569 puerorum
1594 2543 1646 2563 cu-

937 2583 999 2602 ram
1013 2576 1163 2611 gerentes,
1177 2574 1423 2613 Areopagiticum
1437 2580 1572 2604 senatum
1583 2586 1645 2605 mo-

938 2625 1002 2645 rum
1015 2625 1151 2645 censurae
1162 2616 1373 2655 praefecerunt,
1388 2617 1450 2656 qui,
1461 2628 1551 2656 quum
1569 2629 1645 2658 pras-

938 2663 985 2688 ter
1016 2659 1126 2688 virtute
1161 2667 1196 2688 ao
1227 2659 1376 2690 modestia
1407 2660 1647 2699 spectatissimos

938 2701 1060 2730 nullus
1052 2712 1080 2730 in
1097 2711 1164 2731 eum
1179 2703 1379 2742 reciperetur,
1395 2703 1544 2733 universis
1560 2705 1646 2733 Grae-

938 2744 994 2773 ciae
1008 2744 1145 2774 conciliis
1158 2745 1247 2784 longe
1258 2746 1444 2776 antecelluit.
1465 2745 1520 2787 (ιε’.
1526 2746 1540 2786 )
1552 2748 1647 2785 Cujus

939 2786 983 2816 rei
1012 2787 1216 2818 testimouium
1243 2788 1294 2818 vel
1319 2799 1357 2818 ex
1384 2789 1435 2824 iis,
1460 2799 1527 2828 quae
1557 2790 1647 2819 hodie

938 2830 1023 2866 fiunt,
1046 2829 1109 2869 peti
1134 2836 1248 2870 potest.
1299 2831 1481 2871 Quicunque
1506 2832 1584 2861 enim
1609 2833 1647 2861 ad

937 2872 995 2902 hoc
1011 2873 1171 2903 concilium
1192 2874 1290 2904 evecti
1306 2879 1387 2911 sunt,
1403 2875 1461 2904 etsi
1479 2874 1508 2904 in
1527 2875 1646 2904 caeteris

939 2916 1030 2946 rebus
1040 2916 1138 2946 miuus
1149 2917 1325 2947 tolerabiles
1339 2918 1408 2952 sint,
1421 2922 1517 2947 tamen
1533 2923 1646 2946 naturae

939 2968 999 2988 suae
1015 2958 1174 2999 indulgere
1186 2970 1244 2990 non
1257 2960 1414 2995 audentes,
1430 2959 1511 2989 illius
1527 2960 1586 2989 loci
1599 2959 1646 2989 in-

939 3001 1054 3032 stitutis
1079 3007 1212 3034 utuntur.
1256 3002 1342 3044 (ις’.)
1370 3004 1500 3041 Mujores
1528 3002 1647 3033 scilicet

1660 794 1739 834 Pag.

1660 838 1710 868 ed.

1660 880 1732 910 Cor.

1661 926 1739 961 138
