1914 3314
968 544 1027 586 Θ.

707 618 1283 711 ΙΣΟΚΡΑΤΟΥΣ

482 740 962 828 ΕΥΑΓΟΡΟΥ
1030 782 1505 834 ΕΓΚΩΜΙΟΝ

976 899 1015 927 ¹H

811 984 842 1020 Ε
853 984 887 1021 Υ
899 984 933 1022 Α
946 985 1022 1022 ΓΟ
1035 986 1065 1023 Ρ
1078 987 1109 1023 Α
1124 987 1172 1024 Σ.

177 1072 256 1111 Pag.
1722 1083 1797 1123 Pag.

204 1115 257 1146 ed.
1721 1126 1770 1155 ed.

182 1158 255 1188 Cor.
378 1185 391 1205 Ι
691 1190 715 1203 Ν
845 1190 857 1208 Ι
1123 1196 1146 1208 Ν
1223 1194 1232 1209 Ι
1388 1192 1400 1212 x
1507 1195 1519 1213 Ι
1682 1196 1705 1208 Ν
1720 1168 1765 1198 Η.
1775 1167 1880 1208 steph.

175 1204 255 1238 188
345 1211 378 1238 οι
397 1228 407 1239 .
448 1198 653 1253 ΟΡΩΝ,
680 1199 711 1242 ὠ
740 1202 994 1255 Νικοκλεις,
1031 1218 1231 1264 τιμωντα
1263 1218 1314 1246 σε
1350 1218 1422 1246 τον
1455 1213 1595 1260 ταφον
1629 1220 1703 1248 του
1726 1214 1802 1249 189

271 1264 442 1330 πατρὸς
470 1263 515 1313 οὗ
546 1264 668 1334 μόνον
702 1267 766 1332 τῷ
798 1267 964 1327 πλήθει

999 1265 1077 1318 καὶ
1113 1268 1177 1335 τῷ
1210 1266 1371 1320 κάλλει
1400 1270 1483 1321 τῶν
1509 1269 1704 1346 ἐπιφερο-

792 1381 799 1402 ¹
821 1388 845 1411 H
867 1387 1054 1412 ΕΎΑΓΟΡΑΣ
1070 1394 1131 1414 om.
1146 1383 1185 1413 A.

314 1473 599 1504 SUMMARIUM.
627 1472 697 1516 (as.)
734 1473 905 1505 Exordium.
941 1475 972 1504 Si

274 1515 343 1554 quis
360 1521 408 1545 est
423 1517 454 1546 in
469 1517 596 1546 mortuis
612 1527 716 1546 sensus
731 1527 845 1552 eorum,
861 1518 971 1556 qnae‘in

272 1561 354 1595 terra
375 1559 460 1594 fiunt,
476 1559 645 1598 Evagoram
661 1559 781 1597 quidem
796 1563 908 1590 tantam
924 1561 973 1590 sui

272 1610 374 1629 curam
394 1605 535 1639 tuamque
558 1601 589 1629 in
613 1601 724 1642 funeris
748 1607 894 1641 apparatu
910 1613 972 1632 ma-

273 1643 474 1681 gnificentiam
492 1644 619 1682 benigne
635 1645 777 1683 excipere
793 1650 823 1674 et
842 1645 972 1675 libenter

273 1690 412 1724 spectare
441 1685 673 1723 existimabam„
690 1693 719 1717 at
748 1688 843 1720 multo
874 1694 971 1718 tamen

273 1729 414 1766 majorem
425 1729 548 1768 gratiam
559 1729 604 1759 illi
615 1729 783 1760 habiturum
793 1730 973 1768 arbitrabar,

271 1770 323 1808 qui
338 1770 482 1808 oratione,
498 1772 609 1802 studiis
623 1776 656 1802 et
675 1774 766 1803 rebus
781 1774 876 1812 gestis
891 1774 971 1804 Eva-

271 1822 353 1851 gorae
370 1813 472 1853 digna,
487 1814 608 1845 laudem
625 1816 773 1854 ejusdem,
784 1826 873 1855 quam
888 1816 970 1855 quis-

269 1865 328 1894 que
361 1856 450 1887 horno
478 1858 684 1896 magnanimus
716 1860 854 1889 omnibus
879 1861 970 1889 rebus

268 1898 435 1938 anteponit,
451 1899 489 1929 ad
513 1905 652 1938 posteros
673 1911 841 1940 propagare
862 1902 970 1940 possit.

268 1939 344 1982 (β’.)
361 1942 529 1981 Hucusque
544 1943 664 1982 quidem
681 1953 738 1973 nou
757 1944 814 1973 suit
834 1943 864 1973 in
888 1955 970 1974 more

268 1983 413 2022 positum,
430 1989 463 2014 ut
476 1986 608 2024 aequales
625 1990 743 2015 nostros
759 1992 828 2026 post
843 1992 967 2016 mortem

267 2026 469 2062 laudaremus,
497 2028 550 2057 sed
578 2039 668 2066 quum
694 2028 734 2058 nil
765 2029 822 2058 nisi
853 2030 968 2059 invidia

267 2068 459 2107 prohibuerit
475 2070 622 2108 ejusmodi
645 2071 842 2108 laudationes,
858 2072 899 2107 ad
914 2082 969 2102 ex-

267 2110 418 2140 citandam
429 2111 576 2152 jnvenum
588 2113 730 2143 virtutem
747 2119 873 2154 propter
890 2115 968 2144 veri-

267 2157 370 2189 tatem,
396 2164 454 2192 qua
476 2159 627 2185 oratorem
654 2156 697 2186 uti
719 2161 850 2195 oportet,
873 2158 968 2187 multo

266 2196 334 2226 aliis
349 2196 546 2233 efficaciores,
564 2199 638 2228 hanc
662 2209 784 2237 pravam
807 2205 967 2230 consuetu-

266 2238 367 2269 dinem
390 2240 605 2270 emendandam
622 2245 653 2270 et
677 2242 814 2280 quemvis
835 2253 891 2281 pro
906 2253 967 2272 me-

267 2280 325 2310 rito
340 2282 521 2312 laudandum
536 2293 603 2313 esse
619 2285 758 2314 arbitror.
803 2284 876 2326 (γ’.)
893 2286 967 2315 Sen-

267 2324 310 2353 tio
327 2324 461 2363 quidem,
480 2325 603 2356 difficile
624 2337 702 2363 esse,
718 2327 801 2357 viros
822 2332 966 2367 praestan-

267 2370 314 2395 tes
342 2367 477 2396 oratione
504 2379 595 2406 prosa
632 2370 811 2408 pandione,
837 2371 967 2410 ideoque

269 2410 451 2444 oratoribus,
478 2411 529 2449 qui
557 2412 603 2441 his
633 2413 723 2442 rebus
749 2413 971 2448 abstinuerunt,

268 2451 407 2481 lubenter
430 2453 567 2490 ignosco,
595 2454 743 2493 siquidem
768 2456 866 2494 poetis
901 2467 971 2495 per-

267 2493 362 2523 multa
376 2500 548 2525 ornamenta
565 2507 709 2526 concessa
724 2503 803 2533 sunt,
818 2509 884 2537 quae
905 2509 970 2528 ora-

268 2535 385 2566 toribus
416 2538 545 2576 desunt,
568 2544 598 2568 nt
625 2540 719 2569 nihilo
745 2541 843 2570 minus
872 2546 969 2570 tamen

269 2588 326 2607 non
342 2581 520 2609 cessandum
547 2587 602 2617 est,
628 2582 681 2611 sed
705 2583 872 2621 periculum
895 2584 970 2613 faci-

269 2620 395 2657 undum,
408 2633 444 2652 an
460 2622 516 2652 viri
530 2629 708 2661 praestantes
724 2626 761 2655 ab
777 2631 894 2656 oratore
910 2637 969 2656 non

269 2662 368 2694 minus
384 2665 483 2694 ornari
499 2667 618 2703 possint
633 2677 720 2705 quam
734 2679 751 2697 a
766 2669 876 2706 poetis.
901 2668 969 2709 (δ’.)

272 2705 469 2747 Confirmatio.
514 2709 557 2737 Ut
590 2719 692 2739 omnes
730 2710 824 2750 igitur
861 2711 968 2747 sciant,

271 2749 441 2788 Evagoram
477 2760 494 2779 a
527 2750 738 2788 pulcherrimis
768 2753 968 2793 maximisque

271 2792 422 2832 exemplis
438 2792 511 2821 nihil
527 2793 743 2831 degenerasse,
761 2795 800 2825 de
825 2801 890 2826 ortu
908 2797 968 2836 pri-

270 2845 352 2866 mum
380 2845 414 2864 ac
441 2834 587 2864 natalibus
611 2836 694 2866 illius
715 2838 875 2868 dicendum
900 2839 967 2869 erit.

272 2876 339 2919 (ε’.)
369 2877 598 2913 Teucridarum,
631 2888 648 2908 a
672 2880 783 2918 quibus
814 2882 968 2921 Evagon-as

271 2925 369 2951 ortum
386 2921 480 2956 ducit,
497 2920 610 2951 AEacus
626 2927 740 2957 auctor,
757 2926 868 2952 tantum
891 2925 968 2954 inter

272 2964 422 2994 semideos
444 2974 460 2993 a
484 2964 561 2994 Jove
589 2964 732 2995 oriundos
756 2966 911 3002 excelluit,
937 2972 968 2996 ut

1007 1475 1106 1504 Graeci
1122 1485 1179 1514 ope
1202 1475 1286 1505 illius
1301 1477 1378 1506 fame
1400 1476 1532 1514 libetati,
1548 1487 1704 1509 commune

1006 1517 1051 1546 illi
1078 1518 1107 1547 in
1134 1516 1247 1556 AEgina
1276 1519 1420 1557 templum
1452 1518 1646 1558 aedificarent,
1674 1527 1704 1552 et

1005 1565 1212 1600 postmortem
1229 1560 1313 1590 illum
1329 1562 1451 1592 Plutoni
1466 1573 1501 1593 ac
1509 1563 1703 1604 Proserpinae

1006 1603 1142 1633 assidere
1176 1603 1376 1642 perhiberent.
1416 1604 1492 1647 (ς’.)
1520 1607 1623 1646 Hujus
1648 1607 1703 1637 filii

1004 1646 1148 1675 Telamon
1163 1650 1194 1675 et
1210 1646 1322 1676 Peleus
1336 1647 1469 1684 fuerunt,
1482 1659 1610 1688 quorum
1624 1649 1703 1680 alter

1004 1688 1211 1728 expeditionis
1239 1690 1421 1720 Herculanae
1446 1696 1552 1721 contra
1573 1693 1702 1722 Laome-

1004 1731 1125 1762 dontem
1156 1731 1256 1761 socius
1283 1732 1408 1771 praemio
1435 1733 1555 1764 virtutis
1578 1739 1702 1764 ornatus

1004 1779 1064 1810 est,
1075 1775 1152 1804 alter
1166 1785 1251 1810 vero,
1267 1775 1392 1811 Peleus,
1407 1775 1459 1808 ubi
1473 1775 1503 1805 in
1519 1778 1620 1816 pugna
1630 1787 1701 1806 con-

1003 1821 1050 1846 tra
1067 1818 1234 1847 Centauros
1261 1828 1294 1846 se
1317 1818 1435 1847 fortiter
1460 1820 1699 1856 gesserat,The-

1003 1859 1108 1895 tidem,
1140 1859 1235 1890 Nerei
1261 1860 1365 1896 filiam,
1385 1861 1521 1890 mortalis
1547 1862 1700 1891 immorta-

1002 1902 1060 1931 lem
1095 1902 1126 1931 in
1153 1902 1372 1932 matrimonium
1398 1903 1545 1942 accepit.·
1569 1901 1640 1944 (ζ’.)
1672 1905 1701 1933 Α

1004 1944 1098 1974 Peleo
1134 1945 1283 1980 Achilles,
1322 1955 1339 1974 a
1366 1945 1530 1975 Telamone
1552 1945 1636 1985 Ajax
1670 1950 1702 1975 et

1002 1987 1118 2016 Teucer
1141 1988 1291 2026 procreati
1311 1991 1398 2017 sunt:
1421 1997 1546 2026 quorum
1563 1988 1701 2021 Achilles

1002 2029 1034 2058 in
1055 2029 1134 2059 hello
1157 2031 1286 2068 Trojano
1311 2030 1498 2061 clarissimus
1517 2030 1596 2068 fuit3
1618 2030 1700 2069 Ajax

1003 2074 1170 2102 secundum
1184 2074 1220 2101 ab
1237 2082 1273 2101 eo
1290 2072 1413 2102 virtutis
1434 2073 1533 2104 locum
1550 2074 1700 2112 obtinuit;

1002 2115 1117 2144 Teucer
1150 2115 1291 2153 denique,
1323 2125 1414 2154 quum
1440 2115 1470 2145 in
1489 2116 1580 2155 'rroja
1601 2126 1698 2154 expu-

1003 2158 1120 2196 gnanda
1145 2162 1295 2187 strenuam
1325 2168 1446 2197 operam
1472 2163 1624 2198 navasset,
1640 2159 1700 2196 Cy-

1001 2209 1089 2238 prum
1104 2199 1251 2230 advectus
1265 2200 1442 2229 Salaminem
1456 2201 1604 2236 condidit,
1616 2211 1698 2230 eam-

1001 2252 1070 2280 que,
1083 2253 1150 2281 quae
1165 2253 1242 2272 nuuc
1258 2246 1375 2281 regnat,
1398 2242 1539 2273 familiam
1568 2243 1699 2281 reliquit.

1001 2283 1068 2325 (η’.)
1089 2285 1140 2314 Sic
1154 2285 1275 2319 condita
1291 2286 1364 2315 urbe
1380 2285 1466 2315 initio
1482 2286 1610 2324 quidem
1618 2287 1698 2316 Teu-

1000 2327 1044 2356 cri
1059 2327 1218 2367 progenies
1234 2338 1357 2367 regnum
1377 2333 1549 2363 tenuerunt,
1573 2328 1625 2358 sed
1653 2329 1699 2359 in-

1001 2370 1116 2400 secutis
1141 2371 1330 2409 temporibus
1355 2381 1372 2400 e
1400 2371 1554 2406 Phoenicia
1568 2371 1656 2402 exsul
1680 2381 1697 2400 a

1003 2423 1074 2452 rege
1099 2413 1129 2442 in
1153 2413 1241 2443 fidem
1264 2418 1403 2452 receptus
1423 2424 1618 2454 magnamque
1635 2423 1697 2452 ⁴po-

1003 2455 1123 2485 tentiam
1141 2461 1258 2490 nactus,
1270 2456 1359 2495 pulso
1373 2466 1446 2494 rege
1469 2461 1500 2486 et
1516 2456 1635 2494 hospitii
1647 2457 1696 2494 ju-

1002 2508 1036 2527 re
1058 2498 1178 2533 violato,
1202 2508 1296 2535 regno
1320 2499 1434 2537 potitus
1455 2503 1514 2528 est.
1540 2497 1611 2540 (θ’.)
1629 2498 1698 2528 Tali

1001 2551 1099 2570 rerum
1125 2546 1203 2570 statu
1231 2542 1387 2579 Evagon-as
1405 2541 1548 2575 nascitur,
1563 2541 1602 2570 de
1624 2550 1694 2579 quo,

1001 2583 1138 2612 omnibus
1155 2583 1191 2612 iis
1215 2583 1374 2622 neglectis,
1394 2593 1461 2621 quae
1480 2583 1509 2612 iu
1532 2593 1695 2622 paucorum

1001 2630 1115 2655 tantum
1146 2625 1279 2655 notitiam
1307 2630 1463 2660 venerunt,
1483 2626 1521 2654 ab
1546 2625 1603 2660 his,
1628 2635 1696 2663 quae

994 2679 1104 2698 omnes
1120 2668 1262 2703 fatentur,
1276 2668 1391 2698 initium
1407 2668 1522 2697 faciam.
1539 2666 1599 2707 (ι’.)
1615 2667 1696 2697 Puer

1001 2711 1095 2749 igitur
1117 2715 1148 2740 et
1172 2712 1264 2740 forma
1287 2716 1318 2740 et
1348 2709 1463 2739 viribus
1489 2714 1519 2738 et
1548 2710 1696 2739 modestia

1002 2753 1158 2789 excelluit,
1174 2753 1239 2782 viro
1256 2758 1355 2783 autem
1372 2752 1453 2781 sacto
1468 2757 1499 2781 et
1513 2752 1578 2781 haec
1595 2752 1695 2781 omnia

1000 2807 1057 2825 una
1084 2800 1255 2831 creverunt,
1276 2800 1307 2824 et
1330 2795 1376 2824 his
1391 2794 1520 2824 accessit
1535 2795 1695 2829 fortitudo,

1000 2838 1156 2878 sapientia,
1174 2838 1306 2878 justitia,
1328 2846 1394 2875 quae
1414 2837 1536 2876 quidem
1567 2837 1695 2866 virtutes

1000 2891 1057 2910 non
1072 2881 1239 2910 mediocres
1254 2880 1282 2909 in
1295 2879 1349 2909 illo
1364 2879 1492 2914 fuerunt,
1504 2879 1556 2909 sed
1571 2879 1696 2918 singnlae

1000 2923 1198 2958 excellentes,
1214 2923 1255 2952 ita
1270 2927 1303 2951 ut
1319 2926 1381 2951 tuin
1405 2922 1554 2952 Salamine
1570 2931 1695 2960 regnan-

1000 2971 1045 2996 tes
1072 2976 1166 3004 neque
1187 2975 1252 2995 euin
1283 2964 1396 3004 privata
1413 2971 1494 2995 sorte
1524 2969 1696 2995 contentum
