1924 3314
221 200 275 242 44
751 198 806 239 H.
841 195 1144 239 STEPHANI

277 311 619 359 ΕΙΛΩΤΕΥΕΙΝ,
639 313 794 358 servire,
817 313 935 350 Isocr.
967 312 1124 363 Paneg.
1147 322 1237 349 nam
1267 311 1416 356 εἵλωτες
1443 311 1682 351 vocabantur

223 375 290 426 qui
306 373 689 412 Lacedaemoniorum
708 375 805 412 servi
825 378 952 419 erant,
969 386 1046 411 non
1066 372 1114 410 ab
1134 373 1218 422 ipso
1234 375 1341 419 ortu,
1354 373 1422 413 sed
1439 374 1546 424 capti
1557 372 1679 423 primi

222 448 265 473 ex
285 434 366 472 illis
392 435 460 485 qui
479 435 610 472 urbem
635 433 779 473 dictam
802 433 923 472 Helos
942 433 1160 472 incolebant
1174 446 1187 471 .·
1219 436 1266 470 ut
1291 445 1376 471 cum
1394 434 1466 472 alii
1483 433 1600 471 mulli
1624 438 1680 471 ee-

221 500 397 542 stantur,
417 500 499 533 tum
517 495 751 534 Hellanicus
767 495 866 533 libro
888 501 923 533 1.
972 494 1155 532 Isocratis
1176 493 1224 532 de
1243 493 1549 532 Lacedaemoniis
1561 495 1680 532 verba

222 557 260 594 in
288 557 352 594 illa
373 557 548 594 oratione
577 557 814 603 5υι1ῐὲ3.λς·’.
839 559 884 610 τῇ
908 557 1028 594 αὑτῶν
1054 557 1161 593 πόλει
1187 556 1274 598 τοὺς
1301 556 1456 606 ὁμόρους
1474 556 1680 594 εἱλωτεΰεὶν

222 618 489 666 ἀναγκάζουσι.
548 618 625 655 Sed
654 618 855 655 εἷλωτεὺειν
876 630 952 654 nou
982 629 1215 666 exponerem
1236 616 1464 666 simpliciter
1485 616 1682 663 δουλεύειν,

224 691 311 716 cum
335 678 658 727 Harpocratione‚
687 690 821 715 verum
850 677 1034 715 δουλεύειν
1061 680 1178 728 ὥςπερ
1207 676 1353 714 εἵλωτα.
1375 683 1415 714 et
1439 676 1506 714 illo
1532 677 1570 714 in
1593 677 1682 714 loco

224 739 410 778 δουλεύειν
428 742 544 789 ὥςπερ
560 739 735 784 εἵλωτας,
757 738 816 776 vel
835 742 952 790 ὥςπερ
969 739 1126 782 εἵλωτας
1143 739 1268 784 ὄντας,
1286 738 1362 777 sive
1382 738 1566 776 δουλεῦειν
1582 738 1686 775 εἱλω-

223 801 322 838 τικὸν
342 803 426 839 τινὰ
447 803 596 852 τρόπον,
618 806 685 838 aut
704 800 820 838 etiam
846 800 1030 838 δουλεύειν
1050 801 1257 846 εἶλωτικῶς,
1277 799 1308 837 Si
1329 800 1404 837 hoc
1426 799 1481 837 uti
1501 798 1686 837 adverbio

222 861 371 900 liceret.
432 862 565 899 Latine
585 868 713 900 autem
731 861 810 898 dici
828 867 958 911 posset
974 875 982 900 :
1016 861 1236 900 Heloticam
1254 860 1451 912 quandam
1465 861 1686 898 servitutem

223 924 378 961 servire.
434 922 559 960 Valde
580 929 707 960 autem
730 922 866 960 duram
890 923 990 961 hanc
1013 923 1145 969 fuisse,
1161 936 1208 960 ex
1229 922 1305 960 alio
1326 922 1503 972 ejusdem
1522 921 1687 959 oratoris

225 985 315 1023 loco
339 985 536 1023 discimus.
594 986 791 1023 Caeterum
821 985 1038 1036 hyperbole
1063 985 1231 1035 quadam
1262 991 1388 1030 utens,
1421 997 1489 1022 eos
1517 997 1539 1021 e
1568 983 1688 1022 servis

226 1045 404 1084 dominos
424 1060 511 1083 suos
531 1059 553 1084 a
574 1046 766 1084 nonnullis
787 1046 941 1084 Graecis
963 1046 1088 1084 factos
1111 1046 1248 1084 scribit
1269 1049 1300 1092 ἓ.
1319 1045 1399 1092 λβ.

280 1107 544 1147 ΕΠΑΚΤΟΣ
563 1108 684 1159 ὅρκος,
706 1109 748 1146 ὃν
769 1109 879 1151 αὐτός
898 1124 953 1150 τις
972 1107 1059 1145 ἑκὼν
1083 1108 1180 1159 αὑτῷ
1202 1107 1400 1156 ἐπάγεται,
1419 1109 1610 1145 τουτέστιν
1628 1107 1686 1144 αἶ-

226 1175 355 1221 ρεῖται.
385 1169 541 1212 Λυσίας
555 1170 593 1208 ἐν
610 1172 657 1220 τῷ
675 1169 768 1220 πρὸς
782 1168 1059 1221 Χαιρέστρατον
1074 1171 1134 1206 καὶ
1147 1168 1363 1219 Ἰσοκράτης
1377 1169 1689 1215 Ἀπολλωνιάτης

227 1230 267 1268 ἐν
286 1235 368 1272 ταῖς
381 1230 470 1281 πρὸς
487 1230 695 1281 Δημόνικον
712 1235 991 1280 παραινέσεων.
1010 1232 1088 1268 ἔστι
1108 1229 1147 1268 δὲ
1157 1229 1268 1280 ὅρκου
1282 1233 1365 1281 τρία
1379 1229 1471 1277 ε’ίόη,
1491 1231 1688 1281 ἀπώμοτος

229 1293 288 1328 καὶ
304 1294 529 1341 κατώμοτος,
549 1293 608 1328 καὶ
634 1293 652 1329 ὁ
673 1295 902 1342 καλούμενος
920 1292 1091 1334 ἐπακτός.
1112 1290 1208 1329 εἶναι
1229 1291 1265 1329 δὲ
1284 1296 1415 1330 τοῦτον
1435 1296 1508 1342 οὐχ
1526 1293 1687 1330 ἁπλοῦν.

228 1351 282 1390 δεῖ
300 1356 373 1403 γάρ
392 1353 456 1391 τὸν
475 1355 758 1405 προτεινόμενον
777 1354 847 1392 ὑπὸ
871 1359 933 1392 τοῦ
954 1354 1159 1403 ὁρκίζοντος
1180 1355 1308 1396 αὐτοῖς
1327 1354 1511 1404 ὀνόμασιν
1530 1355 1690 1405 α’ντιφω-

229 1419 304 1452 νεῖν
323 1415 388 1453 τόν
408 1416 654 1466 ὁρκιζόμενον.

277 1476 387 1514 ΕΠΑ
396 1477 541 1514 ΚΤΟΣ
560 1477 667 1528 ὅρκος
681 1480 758 1527 (est
774 1484 901 1515 autem
923 1476 1364 1529 &loteng-jusjurandum),
1378 1489 1488 1527 quem
1505 1478 1594 1528 quis
1613 1477 1689 1514 sibi

230 1536 367 1587 defert,
389 1537 434 1576 id
451 1543 520 1584 est,
542 1544 791 1588 spontaneus.
831 1539 975 1590 Lysias
994 1540 1036 1576 in
1057 1543 1157 1576 orat.
1178 1538 1230 1577 ad
1246 1541 1323 1588 (vel
1344 1537 1554 1587 adversus)
1578 1538 1689 1576 Clzae-

229 1604 450 1644 restratum,
467 1604 502 1636 et
522 1601 711 1638 Isocrates
726 1599 999 1650 Apolloniates
1014 1601 1056 1637 in
1077 1601 1158 1637 suis
1173 1599 1225 1637 ad
1239 1600 1499 1638 Demonicum
1514 1600 1691 1638 monitis.

232 1659 335 1697 Sunt
358 1673 443 1698 vero
469 1663 552 1711 ejus
580 1663 660 1698 tria
684 1675 843 1712 genera,
864 1665 1061 1713 ἀπώμοτος
1086 1669 1124 1700 et
1153 1666 1362 1713 κατώμοτος
1389 1667 1427 1700 et
1444 1663 1512 1713 qui
1533 1663 1691 1706 ἐπακτὸς

229 1721 467 1771 appellatur.
512 1722 630 1760 Hunc
643 1728 769 1760 autem
789 1736 866 1761 uon
888 1737 964 1761 esse
979 1723 1187 1774 simplicem
1201 1738 1213 1761 .·
1243 1728 1396 1773 oportet
1415 1724 1517 1760 enim
1532 1725 1567 1761 ei
1589 1723 1694 1775 quod

222 1783 466 1832 proponitur
485 1782 533 1820 ab
552 1796 593 1820 eo
618 1785 686 1834 qui
693 1784 978 1835 jusjurandum
999 1784 1123 1835 defert
1149 1785 1377 1835 respondere
1404 1785 1539 1824 iisdem
1564 1786 1692 1824 verbis

229 1855 312 1881 eum
332 1844 396 1882 cui
423 1843 611 1894 defertur.
639 1848 690 1895 (p.
715 1850 752 1883 6.
774 1860 809 1883 e.
838 1846 900 1884 ed.
932 1846 1089 1896 Steph.)
1137 1845 1261 1884 Valde
1282 1859 1380 1884 nova
1400 1859 1474 1885 nec
1497 1859 1586 1884 vera
1606 1847 1690 1885 haec

228 1905 388 1942 ἐπακτοῦ
418 1904 524 1955 ὅρκου
552 1906 743 1955 expositio
770 1919 847 1944 non
875 1907 1067 1945 immerito
1094 1907 1230 1945 lectori
1262 1907 1451 1950 videatur,
1480 1922 1598 1959 quum
1626 1909 1692 1947 vix

230 1966 332 2004 ullus
353 1966 512 2005 inveniri
535 1968 656 2017 possit
679 1970 745 2018 qui
768 1969 804 2006 in
825 1969 985 2007 dubium
1007 1969 1229 2007 vocandum
1250 1976 1362 2020 putet
1381 1984 1430 2008 an
1451 1971 1611 2014 ἐπακτὸς
1629 1971 1692 2022 ὅρ-

230 2043 290 2070 κος
311 2029 358 2066 sit
377 2029 442 2079 qui
459 2029 509 2066 ab
525 2029 604 2066 alio
626 2029 812 2068 defertur.
872 2031 1012 2081 Neque
1034 2037 1160 2069 tamen
1182 2031 1311 2082 negari
1333 2038 1465 2082 potest
1480 2033 1575 2082 quin
1589 2033 1691 2071 Har-

229 2091 468 2140 pocrationis
491 2092 609 2129 menti
630 2094 865 2131 assentiatur
882 2106 965 2131 mea
985 2093 1282 2144 interpretatio:
1313 2107 1401 2132 nam
1423 2096 1526 2148 αὑτῷ
1544 2102 1650 2134 recte
1670 2109 1692 2133 a

232 2163 292 2188 me
313 2151 448 2197 scribi,
472 2165 547 2189 non
569 2155 680 2205 αὐτῷ,
703 2160 743 2191 ut
765 2156 816 2192 sit
836 2167 906 2205 pro
926 2155 1057 2207 ἑαυτῷ,
1076 2155 1248 2193 ostendit
1268 2156 1423 2203 Suidas‚
1444 2170 1563 2208 quum
1584 2159 1690 2209 apud

233 2225 318 2250 eum
340 2212 489 2262 legatur
508 2213 642 2266 ἑαυτῷῑ
665 2222 703 2253 et
719 2214 836 2265 hujus
852 2217 1108 2267 expositionis
1125 2217 1245 2255 totius
1262 2218 1377 2255 verba
1392 2219 1471 2256 sint
1486 2219 1588 2269 apud
1605 2233 1693 2259 eum

233 2274 325 2313 ista:
357 2274 400 2310 ὃν
420 2275 468 2312 ἄν
494 2292 550 2317 τις
570 2275 680 2318 αὐτὸς
708 2276 799 2314 ἑκὼν
825 2276 942 2329 ἑαυτῷ
969 2278 1169 2327 ἐπάγηται,
1189 2282 1379 2317 τουτέστιν
1397 2280 1569 2331 αἱρεῖται.
1625 2282 1698 2320 Illa

234 2342 376 2381 autem,
403 2337 446 2375 ὃν
475 2338 523 2374 ἄν
550 2354 605 2380 τις
631 2338 777 2389 αἱρῆται
797 2341 902 2388 (nam
931 2340 984 2377 ita
1010 2340 1258 2378 scribendum
1284 2347 1356 2386 est,
1376 2341 1478 2379 sicut
1505 2344 1697 2393 praecedit

234 2398 437 2445 ἐπάγηται)
458 2398 516 2435 vel
539 2398 585 2437 ὅν
603 2416 658 2442 τις
679 2400 848 2450 αἱρεῖται,
871 2414 944 2440 una
965 2415 1058 2440 voce
1079 2402 1201 2440 reddo
1222 2407 1486 2453 spontaneus:
1517 2418 1635 2455 quum
1656 2413 1696 2447 et

237 2458 479 2498 voluntarius
504 2461 614 2499 reddi
634 2463 694 2510 (ut
723 2463 879 2513 opinor)
897 2470 1030 2514 queat.
1089 2464 1211 2502 Recte
1239 2471 1370 2502 autem
1398 2466 1502 2516 apud
1529 2468 1695 2508 eundem

237 2521 397 2559 Suidam
427 2523 632 2573 corrigitur
659 2524 723 2562 illa
749 2526 943 2576 expositio
972 2526 1045 2564 bac
1073 2527 1246 2576 proxime
1275 2534 1490 2577 sequente:
1521 2529 1635 2568 ἄλλοι
1660 2529 1697 2568 δὲ

236 2589 470 2634 τούναντίον,
493 2590 511 2626 ὁ
527 2588 747 2640 ἀλλαχόθεν
766 2589 1041 2642 ἐπιφερόμενος,
1062 2591 1148 2628 ἀλλ’
1167 2593 1230 2628 οὒκ
1251 2590 1490 2641 αὐθαίρετος.
1541 2592 1698 2636 Quibus

237 2648 365 2686 verbis
385 2649 631 2700 subjungitur
651 2651 794 2688 mentio
814 2651 965 2689 illorum
986 2653 1096 2691 trium
1118 2665 1299 2702 generum
1316 2653 1590 2702 jurisjurandi.
1621 2655 1697 2694 Sed

239 2709 344 2761 quod
361 2711 407 2748 ad
424 2713 676 2761 posteriorem
697 2713 794 2750 lianc
809 2713 967 2753 ἐπακτοῦ
987 2714 1095 2765 ὅρκου
1111 2714 1391 2765 expositionem
1409 2715 1547 2753 attinet
1562 2717 1697 2766 (quam

238 2778 276 2810 et
296 2785 369 2823 ego
390 2772 512 2810 multo
531 2773 739 2820 meliorem,
760 2774 878 2811 immo
898 2775 1018 2813 solam
1041 2775 1182 2814 bonam
1203 2789 1287 2813 esse
1301 2775 1472 2825 judico),
1487 2776 1571 2826 jam
1592 2778 1696 2828 apud

238 2834 401 2872 eundem
425 2834 758 2885 Lexicographum
775 2844 1044 2886 praecesserat,
1066 2844 1274 2887 antequam
1295 2839 1375 2887 περὶ
1393 2843 1455 2876 τοῦ
1475 2836 1700 2890 αὑὲαιρέτον

241 2895 402 2946 intelligi
431 2895 574 2934 debere
603 2896 811 2934 diceretur.
871 2899 968 2937 Haec
998 2899 1098 2937 euim
1131 2899 1182 2937 ibi
1219 2899 1478 2950 praecedunt:
1513 2899 1698 2946 Ἐπακτός

240 2956 361 3004 ὅρκος,
387 2959 405 2993 ὁ
432 2961 480 3008 μὴ
506 2957 739 3008 αὐθαίρετος,
761 2960 844 2996 ἀλλ’
864 2960 915 3010 ἐφ’
943 2962 984 2998 ὃν
1014 2961 1132 3012 ἕτερος
1161 2961 1256 3011 ἄγει.
1315 2962 1398 3001 Jam
1430 2975 1520 3002 vero
1551 2969 1589 3001 et
1617 2964 1698 3015 ipse
