1914 3314
256 210 364 259 500

729 214 1220 262 ΙΣΟΚΡΑΤΟΤΣ

252 328 467 397 μελετᾷν,
487 346 606 417 ειῗτεξ
631 325 857 380 ζουλονταιι
884 330 1016 381 πλεον
1040 323 1156 396 ἔχειν
1175 330 1266 381 ‘teliu
1287 329 1533 396 invasam,
1550 332 1683 386 cina

253 398 440 459 πάντας
455 400 639 461 τούτους
664 398 803 462 {oio-ag
825 403 930 478 περὶ
955 426 1134 462 εκεινους
1158 402 1556 476 ἐπραγματευόμην
1582 407 1683 465 τὀὒς

253 527 313 557 diis
335 527 410 557 adeo
427 527 499 562 cari,
515 533 548 557 ut
563 530 698 567 quaedam
716 529 807 568 regiae
827 529 949 560 familiae

252 575 379 609 quatuor
385 575 436 599 aut
444 570 573 609 quinque
584 576 661 600 totas
668 576 772 601 aetates
779 581 949 611 permanse-

252 612 322 652 rint,
332 616 364 641 ut
373 613 567 642 Erechtbonu
577 623 660 652 gens
672 624 738 652 quae
746 615 784 643 ad
798 614 947 644 Theseum

251 664 348 693 usque
363 656 510 692 regnavit,
526 656 601 685 satis
616 657 716 686 docet.
740 654 819 697 (μθ
822 656 838 698 )
853 657 948 696 CuJus

251 696 362 727 Thesei
372 698 447 727 etsi'
435 709 496 737 jam
506 704 592 728 antea
598 699 778 728 mentionem
789 700 859 735 feci,
867 700 947 739 quod

251 750 330 769 nuno
340 741 450 770 sactum
465 740 586 775 nollem,
597 751 687 771 unum
703 747 801 771 tamen
813 747 907 772 restat
918 747 948 771 et

253 781 376 812 virtutis
389 788 422 812 et
435 784 602 821 prudentiae
623 784 730 813 illius
721 784 839 823 insigne
854 785 947 815 docu-

251 829 394 855 mentum.
411 825 477 867 (ν’.)
494 826 561 856 Etsi
573 836 699 864 reguum
714 826 844 857 habebat
858 828 947 858 tutis-

252 867 362 898 simum
371 873 402 898 et
411 869 586 904 maximum,
597 869 626 898 in
639 880 699 908 qno
713 871 822 900 multas
833 879 946 910 easque

250 911 411 950 praeclaras
419 922 468 941 res
481 917 626 951 gesserat,
637 913 690 942 ille
700 918 797 942 tamen
810 912 948 952 gloriam,

249 953 403 984 laboribus
414 954 684 993 certaminibusque
694 961 821 994 partam,
830 956 947 994 ignavae

248 996 407 1035 beataeque
424 997 496 1026 vitae
513 998 542 1026 in
563 997 631 1037 ipso
653 998 750 1028 aetatis
769 999 840 1028 nore
863 1004 946 1028 ante-

248 1040 366 1077 posuit,
389 1039 573 1078 civitateque
589 1039 776 1070 multitudini
799 1042 836 1071 ad
851 1038 946 1071 admi-

249 1080 436 1112 nistrandum
463 1083 621 1121 permissa,
637 1089 700 1113 mm
724 1093 779 1122 pro
809 1093 856 1119 ea,
883 1088 945 1115 tum

249 1132 306 1162 pro
322 1124 391 1154 aliis
407 1125 522 1155 Graecis
546 1125 676 1165 pericula
697 1126 781 1156 adire
799 1127 946 1165 perrexit.

248 1165 337 1207 (νά)
365 1167 415 1197 Illi
440 1168 628 1207 autemsqui
648 1168 782 1199 civitatis
804 1170 945 1207 regundae

250 1216 353 1239 curam
389 1210 426 1240 ab
457 1211 516 1241 fflo
543 1217 752 1249 susceperant,
779 1222 946 1251 quanquam

248 1252 349 1281 varias
373 1253 662 1293 rerumpublicarum
689 1255 800 1284 formas
823 1255 945 1293 ignora-

247 1295 331 1335 bant,
340 1295 552 1326 democratiam
568 1301 666 1325 tamen
679 1307 747 1326 cum
760 1297 948 1327 aristocratia

249 1338 448 1376 conjunctam,
471 1348 560 1378 quam
584 1348 686 1368 omues
706 1340 896 1369 utilissimam
917 1345 948 1369 et

246 1381 496 1418 jucundissimam
544 1382 735 1417 confitentur,
778 1382 946 1421 elegerunt.

250 1423 364 1452 Nostra
388 1424 509 1462 quidem
527 1424 613 1464 plebs
634 1424 718 1453 illam
748 1424 945 1454 timocratiam

250 1465 402 1505 appeltat;
424 1466 510 1507 (νβ’.)
536 1477 594 1504 ego
618 1477 692 1496 vero
717 1472 777 1496 tres
799 1468 948 1497 duntaxat

250 1517 320 1538 esse
339 1509 408 1538 dico
424 1510 713 1548 rerumpublicarum
733 1511 859 1539 formas:
884 1520 947 1539 mo-

249 1551 411 1587 narchiam,
420 1552 625 1589 oligarcbiam,
633 1552 862 1582 democratiam:
876 1562 946 1591 qua-

250 1602 315 1623 rum
340 1593 370 1623 in
385 1594 506 1632 quavis
531 1595 607 1624 bene
622 1595 746 1629 vivitur,
773 1595 798 1624 si
825 1596 947 1635 optimis

250 1635 362 1665 civium
376 1636 572 1675 magistratus
582 1641 615 1665 et
627 1642 736 1667 caetera
747 1638 849 1667 munia
864 1648 947 1667 man-

249 1677 319 1706 data
343 1683 429 1716 sunt3
452 1679 586 1717 pessime
602 1684 714 1715 autem,
737 1680 763 1709 si
784 1680 949 1721 pessimis;

247 1720 378 1760 denique
403 1730 480 1750 nunc
502 1722 589 1757 bene,
612 1732 692 1751 nunc
711 1722 808 1758 male,
821 1724 849 1752 si
872 1724 948 1752 alias

247 1763 330 1799 boni,
344 1764 421 1793 alias
436 1763 507 1793 mali
523 1764 554 1793 in
577 1764 740 1795 consilium
756 1765 946 1795 adhibentur.

247 1805 332 1846 (ιγ’.)
355 1805 399 1836 At
417 1807 482 1836 haec
500 1807 567 1836 aliis
582 1807 671 1846 plura
685 1809 724 1837 de
746 1808 867 1848 imperii
887 1809 947 1838 sor-

246 1849 306 1878 mis
318 1849 648 1879 disserendimateriam
662 1852 827 1889 praebeant,
838 1851 947 1880 mihiin

246 1892 408 1932 praesentia
426 1896 540 1922 tanturn
556 1893 595 1923 de
610 1895 756 1932 majorum
778 1899 947 1923 nostrorum

247 1934 415 1972 republica,
442 1939 584 1974 tanquam
612 1937 726 1973 optima
749 1941 780 1966 et
806 1937 947 1966 Lacedae-

246 1977 415 2007 munior-nm
442 1979 546 2007 sormae
573 1979 769 2017 praeferenda,
796 1979 947 2009 disseren-

248 2020 320 2049 dum
336 2025 393 2050 est.
417 2019 496 2061 (ιδ’.)
518 2021 583 2050 Erit
599 2026 699 2050 antem
711 2022 775 2051 haee
787 2023 882 2051 oratio
895 2032 947 2051 ue—

248 2072 308 2101 que
316 2063 446 2093 molesta
457 2073 552 2102 neque
561 2063 775 2102 intempestiva
786 2064 835 2099 iis,
845 2065 897 2104 qui
910 2066 948 2094 de

248 2105 341 2134 rebus
360 2105 548 2145 gravissimis
571 2106 700 2136 libenter
717 2108 861 2144 audiun13
878 2117 948 2146 pro-

248 2147 421 2179 lixiorvero
429 2149 480 2184 iis,
492 2149 615 2188 quitum
629 2148 776 2179 conviciis
785 2155 949 2190 oratorum,

248 2195 312 2220 tum
324 2200 424 2221 rerum
437 2192 648 2221 vilissimarum
658 2192 884 2222 laudationibus
896 2194 948 2223 de-

248 2233 410 2264 lectantur.
440 2235 551 2264 Verum
562 2244 620 2274 ego
633 2236 781 2274 ejusmodi
794 2236 948 2266 auditores

249 2285 403 2326 nunquam
424 2278 539 2311 curavi,
566 2278 621 2307 sed
649 2282 701 2308 eos
721 2279 830 2309 babere
851 2288 948 2317 praeo-

249 2320 345 2357 ptavi,
354 2320 416 2358 qui,
425 2320 609 2358 prolixitatis
619 2321 706 2360 plane
719 2321 830 2357 securi,
837 2325 947 2351 tantam

249 2361 338 2399 hujus
351 2363 615 2403 orationispa'rtem
629 2364 797 2403 perlegant,
809 2369 948 2403 quautam

249 2402 310 2442 ipsi
336 2405 501 2443 voluerint;
541 2406 671 2436 maxime
699 2417 774 2437 vero
803 2417 868 2443 eos,
897 2407 948 2446 qui

249 2448 455 2485 praestantium
477 2449 606 2478 virorum
628 2449 769 2480 laudibus
797 2450 948 2480 delecten-

250 2493 311 2525 tur,
327 2499 453 2528 quorum
469 2491 595 2522 virtutes
609 2491 772 2528 imitantes,
784 2502 877 2532 quum
888 2493 948 2532 ipsi

251 2532 440 2571 splendidam
456 2534 581 2572 gloriam
594 2535 724 2574 assequi,
732 2541 794 2565 tum
808 2535 948 2566 civitates

251 2584 320 2605 suas
336 2575 486 2606 feliciores
499 2577 626 2607 reddere
639 2578 765 2616 possint.
788 2577 864 2617 (νε’.)
880 2579 949 2608 Me-

249 2617 308 2647 lior
319 2617 412 2657 igitur
423 2619 554 2649 civitatis
565 2624 675 2650 nostrae
686 2621 747 2650 illis
761 2621 948 2660 temporibus

250 2660 467 2690 administratio
493 2662 625 2701 regibus,
650 2673 723 2702 quos
751 2664 853 2703 paullo
879 2668 949 2694 ante

250 2704 494 2739 commemoravi,
525 2711 682 2744 acceptum
712 2706 817 2736 referri
846 2707 948 2743 debet,

251 2745 365 2785 quippe
379 2746 430 2785 qui
446 2748 589 2786 populum
611 2748 641 2776 iu
659 2749 738 2778 omni
758 2749 877 2779 virtutis
898 2759 949 2789 ge-

252 2796 323 2818 nere
337 2789 491 2819 erudirent
506 2790 705 2829 exemploque
720 2801 776 2821 suo
792 2792 948 2828 docerent,

252 2831 378 2861 animam
394 2831 528 2861 civitatis
541 2841 609 2863 esse
621 2833 797 2872 reipublicae
811 2835 948 2871 sormam,

252 2882 270 2903 a
298 2883 358 2914 qua
381 2874 481 2905 omnis
510 2874 620 2905 civium
650 2876 779 2906 felicitas
808 2878 949 2915 pendent.

251 2915 337 2958 (ις’.)
360 2917 467 2956 Neque
483 2926 555 2947 vero
570 2918 702 2956 priscum
723 2919 949 2950 administrandi

251 2960 320 2990 mod
326 2970 372 2990 um
380 2961 617 2999 propter-factam
626 2961 746 3000 imperii
757 2963 949 2992 mutationem

251 3002 384 3042 populus
402 3003 513 3034 oblitu»-
533 3008 591 3040 est,
608 3004 660 3034 sed
683 3005 779 3035 matos
801 3005 949 3043 ejusmodi

984 530 1159 570 reipublicae
1185 530 1290 566 duces,
1309 530 1361 569 qui
1387 531 1446 561 sibi
1467 533 1569 571 potius
1592 544 1681 573 quam

983 573 1099 603 civitati
1123 574 1198 602 bene
1223 573 1336 608 volunt,
1357 574 1484 613 respuit,
1507 585 1631 614 quornm
1653 577 1681 606 si

982 616 1050 654 quis
1065 616 1164 645 omnia
1179 616 1295 645 scelera
1309 622 1340 646 et
1354 616 1563 656 improbitates
1577 628 1680 648 receu-

983 667 1050 687 sere
1077 658 1219 693 voluerit,
1245 658 1404 688 scribendo
1431 659 1561 690 deficiat.
1597 660 1660 701 (νζ.
1663 661 1681 702 )

983 701 1067 737 Quas
1087 700 1298 740 improbitates
1320 711 1412 739 quum
1435 704 1564 741 majores
1585 705 1680 734 nostri

983 744 1131 779 odissent,
1141 753 1199 773 non
1209 748 1323 773 temere
1333 744 1484 782 quoslibet
1492 745 1681 776 consiliarios

983 791 1012 815 et
1021 786 1215 824 magistratus
1224 787 1372 822 fecerunt,
1381 787 1435 816 sed
1446 787 1580 826 optimos
1587 796 1680 827 quos*

982 838 1040 867 que
1055 833 1087 858 et
1101 829 1355 866 prudentissimos
1369 838 1405 859 ac
1418 830 1490 860 vitae
1509 830 1680 869 integritate

982 871 1221 910 spectatissimos
1236 871 1402 911 elegerunt,
1413 873 1514 902 omnia
1526 872 1589 902 illis
1603 872 1680 904 civi-

980 914 1054 943 tatis
1066 915 1168 944 munia
1180 915 1366 950 mandantes,
1377 920 1605 954 sperantesque,
1615 925 1682 952 eos,

981 956 1032 995 qui
1044 967 1100 995 pro
1112 957 1258 987 concione
1265 957 1380 997 optima
1388 959 1516 987 suadere
1525 963 1556 988 et
1567 958 1682 989 vellent

982 1004 1012 1029 et
1027 1005 1164 1038 possent,
1182 1000 1323 1029 omnibus
1345 1010 1464 1039 quoque
1489 1001 1521 1030 in
1537 1001 1636 1030 locis·
1649 1006 1681 1031 et

980 1042 1110 1080 negotiis
1124 1043 1229 1072 eodem
1243 1043 1341 1072 animo
1356 1044 1483 1073 futuros.
1509 1041 1604 1084 (Μ’.)
1615 1043 1681 1073 Ne*

981 1094 1039 1122 que
1058 1085 1103 1114 illi
1120 1085 1176 1114 hac
1198 1094 1253 1124 spe
1270 1085 1405 1115 frustrati
1424 1090 1510 1115 sunt:
1534 1095 1601 1116 narn
1621 1094 1680 1124 per

979 1127 1035 1156 hos
1053 1128 1191 1158 viderunt
1205 1128 1312 1166 paucis
1326 1128 1434 1158 diebus
1448 1128 1532 1167 leges
1547 1128 1681 1158 conseri*

979 1174 1048 1208 ptas
1070 1180 1183 1209 paucas
1205 1171 1339 1209 quidem,
1355 1171 1408 1200 sed
1425 1171 1548 1210 cognitu
1563 1171 1679 1207 faciles,

980 1213 1034 1242 sed
1046 1213 1103 1243 sibi
1115 1213 1350 1249 consentientes,
1361 1214 1415 1243 sed
1422 1215 1523 1252 justas
1535 1218 1567 1243 et
1576 1213 1679 1243 utiles.

982 1256 1680 1296 Eodemtemporeadmagistrntnssunteveeri,

980 1299 1031 1336 qui
1057 1308 1075 1327 a
1103 1298 1264 1328 tribulibus
1291 1303 1322 1328 et
1344 1299 1540 1337 popularibus
1560 1299 1680 1328 delecti

979 1345 1080 1377 erant:
1118 1341 1240 1379 quibus,
1267 1341 1293 1370 si
1321 1341 1397 1370 bene
1423 1351 1501 1370 rem:
1516 1342 1681 1382 gesserint,

979 1386 1090 1420 praeter
1112 1383 1255 1412 honorem
1285 1387 1316 1412 et
1336 1383 1519 1418 molestiam,
1543 1383 1571 1413 si
1588 1385 1679 1419 male,

979 1431 1090 1462 praeter
1103 1435 1223 1464 poenam
1239 1429 1271 1454 et
1285 1425 1479 1464 ignominiam
1490 1425 1567 1455 nihil
1588 1434 1606 1455 a
1625 1434 1680 1465 po-

980 1467 1053 1505 pulo
1081 1468 1322 1506 exspectandum
1352 1472 1427 1497 erat.
1480 1465 1564 1497 Hine
1591 1467 1681 1498 nulloe

979 1514 1051 1538 tunc
1067 1510 1106 1539 de
1124 1509 1352 1549 magistratibus
1371 1510 1588 1546 contentiones,
1603 1519 1681 1550 quos

980 1552 1178 1591 effugiendos
1191 1553 1290 1592 potius
1310 1562 1398 1592 quam
1416 1552 1592 1583 ambiendos
1601 1568 1603 1570 ·
1613 1562 1682 1583 cer-¹

980 1595 1110 1633 debaut;
1133 1595 1326 1634 omniumque
1345 1595 1682 1634 comprobatio-dem&

981 1637 1094 1674 cratiae,
1110 1647 1176 1677 quae
1195 1638 1310 1677 populo
1328 1637 1432 1667 talium
1444 1647 1605 1668 munerum
1621 1639 1683 1669 ims-

981 1680 1155 1710 munitatem
1171 1680 1269 1716 daret,
1284 1680 1473 1719 eundemque
1492 1688 1582 1720 quum
1599 1682 1684 1712 delo⁴

982 1723 1071 1761 gendi
1086 1728 1147 1752 tum
1161 1723 1371 1762 delinquentes
1381 1723 1525 1762 puniendi
1537 1722 1682 1754 arbitrum

980 1766 1104 1795 facer-ets
1134 1764 1215 1807 (ιθ.)
1230 1767 1427 1805 ΔΑιςιιιιιειιιιο
1449 1770 1508 1801 est,
1523 1767 1604 1806 quod
1626 1775 1684 1806 po-

981 1808 1079 1847 pulus,
1097 1809 1149 1847 qni
1170 1809 1281 1838 formas
1300 1808 1432 1846 imperii,
1450 1816 1517 1848 quae
1538 1809 1598 1838 sibi
1618 1810 1685 1840 diss

980 1851 1106 1889 plicent,
1121 1851 1278 1881 destruere
1294 1852 1383 1887 solet,
1397 1851 1435 1880 in>
1448 1851 1505 1880 hac
1525 1851 1682 1891 plusquam

977 1893 1176 1922 mille-annos
1199 1893 1380 1932 perstiterit,
1401 1895 1440 1924 ab
1459 1893 1512 1923 illo
1535 1899 1685 1935 tempore,

981 1947 1040 1974 qno
1057 1937 1188 1974 accepit,
1205 1946 1299 1975 usque
1323 1937 1360 1965 ad
1377 1936 1533 1967 Pisistrati
1549 1938 1685 1975 tyranni*

980 1979 1061 2008 dem.
1107 1978 1177 2019 (ξ’.)
1200 1979 1320 2016 Quibus
1337 1979 1361 2008 si
1377 1979 1433 2017 qui
1445 1979 1581 2009 fortasse>
1594 1980 1683 2010 fidem

981 2022 1206 2060 denegaverint,
1222 2023 1401 2062 scr-iptorum
1418 2030 1466 2051 me
1485 2022 1527 2051 de
1539 2027 1684 2053 veterum

981 2064 1126 2094 institutis
1149 2065 1251 2095 -nobis
1287 2064 1462 2094 relictorum
1495 2065 1684 2096 ‘summare

983 2116 1068 2137 usum
1080 2116 1152 2137 resse
1169 2108 1284 2144 soiant;
1308 2107 1505 2146 hominesque
1523 2108 1612 2147 plura
1630 2118 1684 2139 uu-

981 2150 1045 2180 ditu
1067 2160 1252 2189 cognoscere
1273 2160 1360 2189 quam
1384 2150 1468 2191 visn5
1488 2154 1608 2189 meque,
1624 2160 1682 2182 non

981 2193 1179 2232 negligendas
1195 2193 1315 2232 quidem
1331 2193 1481 2231 ejusmodi
1494 2193 1683 2231 objectiones

982 2236 1168 2271 existimare,
1193 2246 1291 2276 neque
1319 2239 1416 2265 tamen
1437 2236 1612 2266 refutandis
1641 2237 1682 2267 iis

980 2278 1097 2308 diutius
1127 2279 1358 2308 immorandum.
1406 2276 1498 2318 (ξᾶ.)
1516 2279 1683 2320 *Exposita

981 2320 1073 2359 igitur
1084 2321 1264 2360 reipublicae
1280 2322 1375 2351 forma
1388 2325 1492 2356 restat,
1505 2326 1537 2351 ut
1548 2322 1681 2353 civitatib

981 2365 1139 2394 commoda
1160 2364 1229 2393 inde
1252 2368 1371 2394 secuta
1378 2373 1524 2400 enarrem,
1536 2370 1603 2404 quo
1617 2365 1681 2396 rete

982 2417 1019 2447 pu
1025 2407 1112 2438 blicae
1121 2407 1245 2446 ejusque
1258 2407 1496 2437 consiliariorum
1506 2405 1683 2446 prestantia

980 2450 1077 2489 magis
1100 2450 1188 2479 etiam
1210 2450 1410 2489 intelligatur.
1452 2449 1548 2490 (58¹.)
1567 2450 1630 2480 Sed
1644 2460 1682 2481 ιιο

980 2492 1044 2522 baec
1053 2492 1174 2532 quidem
1185 2492 1250 2522 sine
1258 2493 1450 2531 praefatione·
1443 2516 1451 2530 ,
1465 2503 1503 2522 ue
1512 2493 1681 2532 quisdicat,

981 2545 1040 2569 me,
1049 2536 1117 2565 dum
1132 2546 1180 2565 res
1192 2545 1212 2564 a
1226 2535 1389 2575 majoribus
1401 2540 1503 2575 gestas
1515 2543 1680 2574 eorumque

981 2578 1173 2618 disciplinam
1197 2578 1355 2608 militarem
1371 2588 1504 2618 expono,
1519 2578 1604 2618 leges
1619 2579 1682 2618 Ly⁴

982 2622 1068 2660 ourgi
1098 2631 1115 2650 u
1144 2622 1300 2660 Spartanis
1329 2621 1478 2660 hodieque
1496 2621 1682 2650 >observatus

982 2664 1120 2694 recitare.
1149 2663 1240 2704 (27¹.)
1263 2664 1376 2693 Verum
1392 2664 1513 2701 quidem
1528 2673 1576 2692 me
1587 2663 1682 2693 multu

982 2716 1048 2736 esse
1064 2707 1226 2743 dicturum,
1242 2714 1309 2746 quae
1325 2712 1356 2736 et
1370 2706 1573 2744 illic-recepta
1592 2710 1681 2744 suut;

983 2750 1037 2779 sed
1055 2749 1211 2789 Lycurgus
1226 2755 1396 2779 nostrorum
1415 2749 1562 2787 majorum
1583 2749 1679 2778 admi-

983 2792 1188 2822 nistrationem
1215 2797 1328 2822 tantum
1354 2791 1500 2826 imitatus,
1520 2791 1679 2821 democra-

982 2835 1053 2864 tiam
1067 2835 1475 2872 aristocratia-temperatum,
1486 2834 1585 2872 qualis
1598 2835 1679 2874 apud

983 2887 1037 2907 nos
1059 2877 1127 2913 fuit,
1147 2878 1227 2906 dorni
1250 2876 1391 2910 instituit,
1408 2876 1601 2914 magistratus
1618 2881 1680 2916 -pcr

983 2920 1127 2959 suffragia
1161 2919 1303 2954 creando,
1337 2919 1519 2958 Senatuique
1549 2920 1679 2950 'eandem

983 2973 1071 3002 quam
1093 2963 1251 3000 Areopago
1272 2967 1374 2992 nostro
1393 2962 1602 2991 auctoritatem
1626 2963 1680 2992 tri-

985 3005 1112 3036 buendo.
1141 3003 1228 3046 (ξδ’.)
1249 3004 1316 3035 Jam
1329 3005 1372 3035 rei
1388 3004 1527 3035 militaris
1539 3004 1679 3044 periti-u·
