1914 3314
655 217 820 260 ΠΕΡΙ
868 217 1209 260 ΕΙΡΗΝΗΣ.

1541 215 1649 262 403

222 324 347 417 Ῑπερὶ
373 328 568 397 πολεμου
594 352 671 380 και
696 329 866 422 εἰρήνης,
889 329 925 381 οἳ
948 329 1170 400 μεγίστην
1205 353 1299 397 εχει
1324 329 1537 401 ὃύναμιν’
1521 355 1560 384 εν
1587 333 1651 399 τῷ

218 398 306 466 βίῳ
327 401 392 466 τῷ
411 425 494 453 των
514 402 759 470 α’νθρωπων,
788 403 866 456 καὶ
886 401 984 479 περὶ
1003 427 1058 453 ων
1076 402 1252 469 ἀνάγκη
1273 429 1371 463 τους
1362 405 1523 496 ὅρθως
1540 407 1646 466 βου-

216 471 491 543 λευομένους,
500 474 674 545 ἄμεινον
699 501 783 528 των
809 477 962 529 σίλλων
986 476 1218 568 πράττειν.
1242 502 1292 530 το
1316 502 1394 548 μεν
1420 488 1485 531 οὐν
1508 477 1643 548 με’·γε-

216 545 364 609 θος,
340 571 451 616 οπερ
476 573 530 601 ων
555 550 934 620 συνεληλυθοιμεν,
962 551 1220 612 τηλικουτόν
1247 550 1383 603 ἔστιν.

778 667 785 684 ¹
811 663 872 703 περί
885 674 917 693 τε
933 664 971 693 Α.
987 664 1022 694 C.
1037 664 1072 693 L.

211 745 320 775 dentiae
336 756 393 776 non
408 747 594 777 levissimum
611 748 727 787 siguum
740 752 795 783 est,
810 749 848 778 de
863 749 916 778 iis-

211 787 279 817 dem
298 790 390 818 rebns
413 791 516 819 eadem
540 790 650 829 ubique
668 790 815 828 judicare.
839 792 916 821 The-

211 830 303 860 banos
322 832 443 870 quidem
458 832 568 870 injuste
585 842 673 871 agere
693 833 826 868 creditis,
844 844 916 872 quo-

196 873 287 902 -niam
304 873 443 903 finitimos
458 874 580 910 laedunt,
597 885 649 904 vos
664 880 763 904 autem
778 875 848 913 ipsi,
864 876 913 914 qui

209 915 241 944 in
263 916 360 945 socios
381 926 440 945 non
462 917 608 954 aequiores
622 917 707 952 estis,
723 927 809 955 quam
824 917 867 945 illi
882 918 912 946 in

210 958 344 997 Boeotos,
355 957 503 996 justitiam
516 969 660 987 exercere
670 958 794 996 putatis.
825 957 912 999 (λη’.)

208 999 324 1037 Quodsi
345 999 496 1038 inquirere
518 1000 632 1035 velitis,
653 1010 720 1038 quae
746 1010 837 1030 causa
862 1001 912 1036 sit,

207 1051 298 1079 quare
319 1047 420 1071 nostra
441 1047 469 1071 et
487 1042 781 1072 Lacedaemoniorum
804 1043 910 1073 civitas

206 1084 243 1112 ab
257 1084 376 1123 exiguis
390 1084 484 1114 initiis
500 1086 636 1123 profecta
650 1085 766 1114 Graecis
781 1085 909 1124 impera-

204 1125 274 1162 rint,
291 1137 324 1155 ac
339 1127 459 1162 deinde,
470 1132 558 1157 aucta
572 1128 600 1157 in
616 1128 792 1157 immensum
802 1135 908 1167 poten-

205 1167 306 1203 tia,de
322 1169 440 1199 excidio
455 1170 636 1205 dimicarint,
649 1181 800 1210 quareque
815 1172 907 1200 Thes-

205 1210 272 1246 sali,
287 1222 305 1240 a
321 1212 483 1250 majoribus
498 1213 628 1242 maxima
643 1215 778 1252 potentia
795 1214 906 1243 instru-

203 1253 257 1289 cti,
281 1254 311 1283 in
338 1255 483 1284 maximas
509 1255 661 1294 angustias
688 1256 812 1285 adducti
835 1258 906 1292 sint,

202 1297 400 1334 Megarenses
421 1303 531 1333 antem,
556 1299 665 1336 quibus
689 1300 727 1327 ab
748 1299 835 1328 initio
858 1310 907 1329 res

201 1348 302 1377 parvae
332 1344 362 1369 et
385 1345 491 1369 tenues
519 1346 632 1376 essent,
658 1341 803 1370 maximas
831 1341 908 1371 iuter

201 1383 327 1412 Graecos
356 1383 512 1412 facultates
539 1394 616 1413 nunc
648 1383 832 1422 possideant,
859 1384 906 1414 illi

202 1424 282 1453 bello
295 1431 481 1464 premantur,
499 1425 527 1454 hi
544 1437 619 1465 pace
635 1427 786 1464 fruantur;
812 1427 906 1456 omni-

201 1476 250 1495 um
272 1467 415 1498 malorum
435 1478 556 1498 causam
580 1479 660 1508 esse,
674 1468 843 1504 invenietis,
862 1470 905 1499 in-

201 1511 425 1548 temperantiam
439 1515 468 1540 et
481 1512 664 1551 superbiam,
678 1512 822 1542 bonorum
835 1523 906 1542 vero

200 1552 390 1589 modestiam,
401 1564 467 1593 quae
483 1563 499 1582 a
514 1554 688 1584 civitatibus
704 1554 796 1584 multo
809 1555 906 1593 magis

200 1594 328 1624 colenda
343 1602 401 1631 est,
422 1606 509 1635 quam
535 1607 552 1626 a
572 1597 700 1635 privatis
721 1597 905 1632 hominibus,

199 1647 288 1675 quum
313 1638 432 1673 civitas,
453 1640 491 1668 ob
517 1639 781 1675 immortalitatem,
802 1640 904 1669 huma-

199 1689 266 1708 nam
282 1690 317 1709 ac
332 1680 465 1710 divinam
487 1691 605 1721 poenam
624 1681 676 1711 vix
692 1681 827 1720 effugiat,
841 1682 904 1722 pri-

199 1727 288 1751 vatus
314 1733 387 1753 vero
412 1724 539 1753 fortasse
564 1724 649 1764 prins
674 1724 794 1760 obierit,
818 1736 903 1763 quam

199 1765 345 1794 scelerum
357 1776 461 1805 poenas
471 1766 544 1796 dare
559 1766 668 1805 possit.
690 1766 765 1807 (λὸ’.
771 1766 785 1807 )
809 1769 904 1806 Cujus

197 1806 244 1836 rei
270 1818 418 1838 memores
441 1819 498 1838 non
521 1809 560 1839 iis
583 1809 750 1838 auscultare
773 1810 904 1845 debetis,

198 1849 289 1888 quiin
305 1851 467 1889 praesentia
482 1857 565 1890 grata
578 1851 715 1881 dicentes
726 1852 817 1881 futuri
831 1857 904 1881 tem·

197 1893 283 1931 poris
314 1894 425 1923 nnllam
450 1895 596 1924 rationem
624 1894 742 1929 habent,
781 1895 904 1933 quique,

198 1935 268 1964 dum
289 1936 402 1974 populo
415 1938 535 1966 studere
551 1937 703 1971 simulant,
718 1941 809 1966 totam
825 1947 903 1966 rem-

197 1977 349 2016 publicam
366 1983 516 2014 evertunt‚
536 1979 588 2009 sed
606 1979 656 2014 iis,
671 1979 722 2018 qui
737 1980 902 2018 rempubli-

199 2029 262 2049 cam
283 2021 548 2059 amplificaverunt,
574 2027 604 2051 et
620 2032 744 2061 qnorum
769 2023 904 2052 consiliis

198 2062 382 2093 democratia
400 2064 510 2093 multos
526 2074 582 2104 per
601 2075 693 2094 annos
710 2075 807 2104 neque
823 2070 903 2094 mota

196 2115 293 2144 neque
307 2111 420 2136 mutata
433 2111 490 2142 est,
503 2108 614 2146 quique
625 2107 708 2137 viros
718 2107 747 2137 in
762 2108 902 2137 exsilium

195 2157 252 2186 per
264 2149 398 2187 Triginta
410 2156 493 2179 actos
507 2155 700 2185 revocarunt,
711 2155 740 2180 et
755 2151 793 2179 ob
809 2151 903 2180 virtu-

195 2195 254 2232 tem
266 2191 394 2221 maxime
405 2192 602 2222 celebrantur.
625 2191 706 2233 (μ’.)
730 2193 816 2223 Licet
830 2204 902 2223 vero

195 2236 255 2262 tam
270 2234 364 2264 multa
377 2240 568 2264 monumenta
587 2240 718 2270 exstent,
739 2245 755 2265 e
778 2235 902 2275 quibus,

197 2275 293 2314 qualis
325 2278 382 2306 sub
413 2283 606 2317 utrorumque
644 2278 901 2309 administratione

195 2319 279 2348 urbis
303 2319 435 2349 conditio
452 2321 554 2355 fuerit,
570 2326 723 2360 appareat,
739 2321 781 2350 ita
801 2327 900 2352 tamen

195 2367 344 2391 oratorum
360 2362 550 2401 improbitate
563 2364 758 2399 delectamur,
769 2364 901 2394 uthosce

195 2403 307 2434 divites
327 2415 361 2434 ac
382 2405 497 2441 beatos,
514 2406 597 2435 cives
614 2416 698 2441 vero,
716 2408 755 2436 ob
774 2407 852 2436 bell-a
871 2412 902 2436 et

194 2447 344 2477 excitatas
359 2447 448 2477 abiis
469 2449 581 2483 turbas,
595 2448 703 2496 inopes
719 2459 754 2478 ac
766 2449 902 2479 infelices

193 2489 289 2519 factos
314 2500 393 2525 esse,
416 2491 511 2529 aequis
533 2491 640 2520 animis
662 2492 802 2521 feramus.
839 2492 900 2528 Qui

192 2532 314 2572 quidem
329 2544 347 2562 a
363 2533 480 2562 Pericle
501 2538 612 2563 tantum
635 2533 788 2568 differunt,
803 2539 834 2563 ut
851 2535 899 2564 hic

193 2580 263 2605 octo
283 2575 417 2605 millibus
437 2576 644 2605 talentorum
636 2587 665 2605 ιιι
685 2586 780 2606 arcem
797 2577 899 2607 relatis

191 2618 336 2647 minorem
347 2628 465 2648 censum
478 2618 672 2657 relinqueret,
685 2629 770 2656 qnam
785 2629 803 2648 a
817 2625 899 2658 patre

193 2666 360 2700 acceperat,
374 2661 404 2690 hi
416 2667 520 2690 contra
531 2672 547 2690 e
560 2661 744 2700 pauperibus
755 2661 899 2692 ditissimi

192 2702 263 2733 facti
294 2704 365 2739 sint,
394 2703 600 2742 populumque
634 2703 807 2742 pauperiem
836 2705 897 2743 pati

193 2750 312 2784 cogant.
347 2746 448 2786 (μα’.)
485 2746 583 2776 Miror
611 2746 762 2784 equidem,
785 2747 810 2776 si
841 2758 897 2775 non

193 2788 364 2828 perspicere
387 2788 526 2829 possitis,
547 2788 659 2818 nullum
681 2799 777 2827 genus
804 2789 900 2819 homi-

193 2839 262 2859 num
291 2832 404 2870 populo
435 2831 586 2862 inimicius
619 2836 649 2861 et
674 2831 899 2861 malevolentius

193 2881 272 2907 esse,
300 2882 386 2911 quam
410 2878 543 2904 oratores
561 2874 721 2923 improbos
743 2879 773 2903 et
799 2874 898 2912 plebis

193 2913 405 2952 concitatores,
414 2916 466 2956 qui
478 2917 568 2946 dum'
559 2917 620 2956 ipsi
628 2926 753 2956 regnare
764 2917 899 2956 cupiunt,

192 2955 265 2986 nihil
279 2957 373 2997 magis
387 2963 502 2998 optant,
515 2969 602 2997 quam
619 2964 652 2988 ut
665 2960 747 2989 cives
756 2960 846 2989 etiam
860 2960 899 2989 iis

193 2997 356 3039 indigeant,
369 3010 435 3039 quae
450 3002 487 3031 ad
503 3002 615 3032 victum
632 3002 801 3032 necessaria
822 3008 900 3039 sunt,

951 748 1099 787 siquidem
1108 749 1310 786 opulentiores
1317 747 1436 779 civitati
1446 749 1520 780 bene
1528 749 1642 786 volunt,

948 800 1098 829 pauperes
1129 802 1200 821 vero
1233 792 1308 829 ipsis
1340 792 1454 821 servire
1483 797 1642 830 coguntur.

947 832 1044 872 (5⁴6¹.)
1055 833 1214 863 Peroratio.
1230 834 1306 870 Quae
1315 833 1363 862 his
1369 834 1456 863 malis
1465 835 1641 864 medelaad·

948 875 1043 904 hiberi
1058 875 1168 913 possit,
1184 881 1269 905 antea
1285 875 1404 913 quidem
1417 877 1478 914 jam
1495 876 1574 913 dixi,
1587 878 1641 906 sed

946 916 990 945 uti
1004 917 1034 945 in
1050 922 1177 946 mentem
1189 917 1371 946 incurrebat.
1405 919 1488 947 Hinc
1502 924 1640 957 repetere

945 968 990 992 ea,
1008 968 1073 997 quae
1098 959 1244 996 gravioris
1264 959 1407 988 momenti
1427 965 1506 994 sunt,
1522 971 1580 990 non
1595 961 1639 990 in-

943 1000 1018 1029 utile
1026 1000 1093 1030 erit
1107 1000 1204 1040 (fay'.)
1218 1001 1281 1030 Res
1291 1001 1384 1040 igitur
1395 1001 1530 1031 civitatis
1538 1013 1640 1032 emen-

942 1041 1081 1072 dabimus
1098 1043 1485 1083 felicioresquereddemus‚
1496 1045 1638 1083 primum,

942 1085 968 1114 si
990 1085 1066 1114 tales
1083 1085 1281 1115 consiliarios
1297 1086 1327 1115 in
1352 1086 1485 1125 publicis
1508 1088 1640 1128 negotiis

941 1127 1176 1163 adhibuerimus,
1205 1128 1309 1167 quales
1334 1128 1365 1157 in
1393 1129 1520 1168 privatis
1550 1130 1638 1160 nobis

940 1170 1117 1209 contingere
1132 1176 1281 1210 optamus,
1297 1181 1393 1210 neque
1408 1171 1638 1203 calumniatores

941 1223 994 1252 pro
1005 1213 1211 1252 popularibus,
1222 1214 1364 1243 honestos
1376 1224 1447 1243 vero
1460 1225 1513 1254 pro
1525 1215 1636 1254 oligar-

941 1255 1033 1284 chicis
1041 1256 1244 1286 habuerimus.
1259 1255 1355 1297 (fa-3¹.)
1373 1256 1491 1286 Deinde
1501 1258 1575 1287 socii
1586 1269 1637 1288 eo-

939 1298 1007 1328 dem
1016 1299 1082 1328 loco
1090 1299 1370 1338 habendisunt,qno
1379 1299 1635 1339 amici‚nequeiis

939 1341 1124 1371 dominorum
1141 1352 1234 1377 more,
1254 1342 1307 1371 sed
1325 1342 1486 1372 amicorum
1502 1353 1635 1381 praeesse

939 1383 1096 1413 debemus.
1113 1382 1207 1424 (με’.)
1221 1384 1360 1423 Denique
1370 1390 1481 1424 praeter
1492 1385 1634 1424 pietatem

938 1436 968 1454 ιιι
976 1426 1050 1455 deos
1063 1427 1137 1456 nihil
1147 1427 1233 1456 nobis
1245 1427 1347 1466 potius
1357 1438 1423 1458 esse
1435 1428 1538 1463 debet,
1547 1439 1633 1467 quam

939 1469 1019 1506 apud
1032 1470 1157 1498 Graecos
1171 1471 1247 1499 bene
1258 1470 1374 1500 audine.
1399 1470 1472 1512 (paq-¹
1473 1469 1498 1511 .)
1516 1471 1635 1508 Quodsi

938 1510 985 1540 his
997 1512 1171 1546 accesserit,
1180 1517 1214 1541 nt
1223 1513 1444 1543 exercitatione
1452 1517 1482 1543 et
1489 1518 1633 1552 apparatu

938 1553 1088 1589 bellicosi,
1097 1564 1204 1584 revera
1217 1556 1300 1594 pacis
1312 1556 1439 1585 studiosi
1454 1556 1559 1592 simus,
1575 1567 1632 1586 non

938 1600 1052 1626 tantum
1069 1596 1223 1626 civitatem
1235 1598 1377 1634 nostram,
1388 1599 1442 1627 sed
1453 1608 1556 1628 omues
1569 1610 1633 1629 om-

938 1638 1008 1668 nino
1034 1640 1157 1669 Graecos
1178 1640 1282 1669 felices
1302 1640 1470 1670 reddimus.
1521 1642 1632 1671 Poten-

938 1681 1031 1711 tiores
1047 1682 1123 1711 enim
1141 1683 1268 1712 Graeciae
1284 1682 1434 1718 civitates,
1456 1682 1564 1721 quibus
1590 1685 1633 1714 in-

938 1724 1076 1753 feriorem
1107 1725 1237 1764 aliquam
1264 1725 1392 1754 laedendi
1421 1726 1536 1755 animus
1564 1727 1634 1762 erit,

939 1767 987 1795 ubi
1003 1773 1137 1806 paratum
1151 1767 1284 1797 viderint
1294 1772 1423 1797 nostram
1439 1768 1520 1798 laesis
1533 1769 1633 1808 opitu-

937 1808 1005 1843 lari,
1029 1816 1078 1839 aut
1100 1810 1301 1845 abstinebunt,
1319 1815 1369 1840 aut
1391 1821 1504 1847 omnm,
1528 1812 1579 1850 qui
1601 1812 1632 1841 in

937 1852 1082 1889 angustiis
1095 1858 1124 1881 et
1137 1857 1216 1881 metu
1232 1858 1328 1887 erunt,
1344 1853 1378 1881 ad
1395 1863 1449 1882 nos
1463 1854 1635 1892 confugient

938 1903 1031 1932 seque
1047 1894 1133 1924 nobis
1153 1895 1282 1924 tradent.
1329 1895 1410 1924 Hinc
1426 1906 1523 1934 neque
1546 1896 1635 1926 amici

938 1936 1034 1972 nobis,
1050 1947 1147 1976 neque
1159 1948 1232 1976 opes
1245 1943 1274 1967 et
1286 1938 1432 1977 potentia,
1444 1949 1538 1977 neque
1551 1940 1636 1969 deni·

937 1989 995 2017 que
1012 1979 1108 2018 gloria
1123 1981 1259 2015 deerunt,
1277 1981 1313 2015 si,
1328 1981 1358 2009 in
1375 1980 1498 2010 aliorum
1515 1981 1634 2019 injuriis

938 2027 968 2050 et
992 2021 1119 2057 insania,
1140 2024 1227 2061 primi
1253 2033 1306 2052 nos
1328 2023 1365 2052 ad
1390 2034 1489 2053 sanam
1506 2030 1633 2054 mentem

937 2065 1064 2100 reversi,
1077 2072 1252 2104 recuperata
1267 2067 1410 2103 majorum
1427 2066 1527 2102 laude,
1544 2067 1634 2096 liber-

936 2108 1008 2136 tatis
1024 2108 1126 2146 potius
1142 2108 1276 2137 vindices
1293 2119 1379 2147 quarn
1396 2109 1522 2139 Graeciae
1539 2111 1636 2147 pestis

936 2149 1080 2179 fuerimus
1103 2150 1254 2189 appellati.
1289 2149 1386 2191 (μζ.)
1406 2151 1513 2181 Totius
1534 2159 1632 2182 autem

936 2193 980 2222 rei
990 2198 1081 2231 caput
1093 2199 1150 2228 est,
1158 2193 1182 2222 si
1195 2193 1366 2228 maledicta,
1376 2194 1484 2232 quibus
1493 2204 1571 2224 nnnc
1580 2205 1634 2234 pe-

937 2235 1036 2271 timur,
1053 2235 1246 2275 exstinguere
1262 2243 1292 2265 et
1307 2247 1324 2264 a
1338 2237 1424 2266 bellis
1439 2242 1552 2267 temere
1568 2247 1633 2267 sus-

936 2279 1035 2316 ceptis
1064 2288 1182 2307 cessare
1209 2278 1472 2318 principatumque
1495 2280 1525 2309 in
1547 2290 1634 2310 omuc

936 2325 1055 2359 tempus
1079 2326 1182 2350 tenere
1212 2321 1361 2360 cupimus,
1384 2327 1418 2351 ut
1447 2321 1633 2362 principatus

937 2369 1039 2392 noster
1056 2374 1112 2393 nou
1131 2363 1287 2402 tyrannico
1302 2364 1445 2403 imperio,
1462 2365 1515 2394 sed
1541 2366 1634 2394 Lace—

935 2405 1150 2435 daemoniorum
1178 2416 1280 2445 regum
1306 2406 1350 2436 illi
1374 2407 1481 2437 similis
1509 2407 1560 2441 sit,
1582 2409 1633 2447 qui

935 2458 1006 2478 suos
1023 2458 1157 2483 servare,
1173 2459 1228 2477 non
1243 2449 1414 2488 opprimere
1427 2450 1537 2485 solent,
1548 2449 1633 2480 inde-

935 2501 994 2529 que
1008 2491 1086 2530 apud
1103 2491 1185 2520 cives
1197 2501 1267 2521 snos
1281 2492 1310 2521 in
1331 2493 1462 2522 maximo
1478 2493 1589 2523 honore
1603 2498 1634 2523 et

935 2543 1036 2562 amore
1062 2539 1141 2563 sunt.
1171 2533 1264 2573 (μή)
1284 2535 1424 2564 Juniores
1441 2545 1512 2565 vero
1532 2540 1560 2565 et
1578 2546 1633 2574 per

934 2581 1051 2605 aetatem
1074 2577 1260 2606 robustiores
1280 2577 1310 2606 in
1333 2578 1389 2607 fine
1416 2588 1532 2613 moneo,
1550 2584 1582 2607 ut
1597 2589 1632 2608 ea

934 2618 1037 2648 dicant,
1059 2624 1089 2648 et
1111 2619 1254 2655 scribant,
1268 2620 1377 2659 quibus
1392 2621 1538 2650 maximas
1556 2621 1632 2650 civi—

933 2666 1011 2690 tates
1027 2661 1152 2700 aliisque
1173 2662 1249 2691 mala
1268 2662 1377 2692 inferre
1399 2663 1504 2693 solitas
1520 2663 1556 2691 ad
1570 2664 1633 2693 vir·

934 2709 1027 2733 tutem
1037 2708 1067 2733 et
1076 2704 1220 2743 justitiam
1231 2705 1441 2743 adhortentur,
1451 2705 1632 2744 cogitantes,

934 2756 950 2775 a
980 2747 1108 2777 Graeciae
1129 2747 1225 2777 salute
1248 2758 1331 2777 suam
1357 2758 1476 2787 quoque
1498 2749 1630 2786 ipsorum

933 2799 1106 2828 prosperam
1119 2790 1265 2820 fortunam
1278 2791 1422 2830 pendere.
1441 2791 1553 2821 Lsxo.
1578 2791 1631 2819 Vi-

933 2832 1022 2861 detur
1053 2833 1166 2871 scripta
1195 2833 1289 2862 fuisse
1321 2833 1417 2863 oratio
1453 2843 1528 2862 anno
1563 2837 1631 2861 ante

933 2874 1082 2904 Christum
1112 2877 1184 2906 337.
1216 2881 1246 2905 et
1274 2875 1421 2905 Isocratis
1452 2875 1549 2905 aetatis
1577 2877 1629 2905 79.

933 2917 1069 2947 Auem.

977 2958 1110 3000 Μέγεθος]
1135 2961 1208 2990 Sub.
1220 2959 1334 2990 τούτων.
1358 2960 1459 2990 IDEM.
