1914 3314
651 209 738 250 AD
770 207 1134 251 ISOCRATEM.

206 329 310 350 norem
327 319 487 357 musicum,
504 325 647 360 nepotum
665 332 788 352 suorum
809 332 872 353 ma-

209 362 348 400 gistrum,
365 364 402 393 ab
419 364 530 394 exsilio
552 371 710 395 revocent.
733 365 825 404 epist..
842 368 873 396 8.

208 407 283 435 772.
299 416 364 445 seq.
389 417 464 437 voce
488 412 520 437 et
542 407 641 437 animo
657 418 762 438 carens
779 409 874 438 adrni-

207 448 388 478 nistratione
404 449 538 479 civitatis
559 455 590 479 et
606 450 805 481 concionibus
821 452 873 481 ba-

212 492 319 520 bendis
337 493 493 522 abstinuit.
513 495 589 524 774.
612 493 766 523 orationes
782 494 820 522 de
836 493 873 523 li-

210 533 327 563 bertate
352 535 528 565 Graecorum
552 536 657 575 plures
677 535 875 576 conscripsit,

210 586 299 614 quam
317 587 421 607 ornnes
434 578 537 607 Graeci
553 584 702 608 oratores,
720 578 800 609 ibid.
821 578 873 608 Ti·

209 619 334 654 mothei,
344 620 476 650 Cononis
487 627 517 650 et
528 621 694 660 Dioplianti
703 621 872 652 familiaris,

209 661 284 691 ibid.
309 664 374 701 ejus
397 664 478 703 apud
500 663 578 693 alios
599 664 774 694 auctoritas.
794 664 872 694 ibid.

209 705 316 743 quales
341 705 393 735 ille
417 706 571 736 orationes
595 707 729 737 maxime
753 708 873 746 probet.

209 749 286 783 777,
305 758 371 787 seq.
396 749 612 778 Panathenaici
636 749 791 782 scribendi
814 749 873 779 ini-

210 790 285 820 tium
300 791 372 821 fecit
388 801 480 821 annos
499 792 659 831 nonaginta
676 796 805 830 quatuor
820 803 873 822 na-

209 838 272 863 tus.
297 835 371 864 504.
396 845 463 864 eum
486 832 620 864 absolvit
638 835 803 874 nonaginta
825 846 873 865 se-

210 881 293 914 ptem
320 887 414 907 annos
441 878 568 914 bahem,
592 888 684 916 quum
710 877 873 908 triennium

209 919 318 948 morbo
330 920 509 950 laborasset.
526 922 602 951 572.
617 931 680 961 seq.
698 921 831 960 quinque
843 926 874 951 et

209 962 375 1000 nonaginta
397 973 490 993 annos
514 968 604 993 natus
619 964 647 993 in
669 965 806 994 morbum
826 964 874 994 in-

209 1004 287 1034 cidit
309 1005 613 1044 periculosissimum,
629 1007 680 1045 qui
702 1007 874 1037 verecunde

207 1048 356 1078 nominari
373 1049 490 1088 neqnit,
502 1059 570 1078 cum
591 1060 689 1088 eoque
705 1051 807 1089 ipsum
821 1050 874 1080 tri-

208 1091 329 1120 enninm
342 1092 491 1121 conflixit.
503 1091 578 1122 ibid.
603 1093 733 1122 Isocrati
744 1093 796 1122 alii
807 1103 873 1122 ora-

207 1138 296 1162 tores-
314 1134 463 1163 invident.
487 1136 564 1164 764.
598 1135 757 1173 octoginta
779 1144 874 1164 annos

207 1181 307 1211 natus,
329 1186 419 1214 quum
445 1176 608 1215 epistolam
631 1186 740 1206 nonam
758 1177 874 1207 scribe-

208 1220 270 1248 bat.
287 1218 362 1249 ibid.
386 1219 425 1248 de
441 1221 532 1248 rebus
547 1219 736 1258 gravissimis
747 1220 828 1249 dixit
843 1225 874 1250 et

209 1261 346 1300 scripsit,
357 1267 389 1290 ut
405 1272 492 1291 nemo
503 1262 592 1291 alius.
603 1263 683 1292 602..
700 1263 783 1297 illius
799 1272 873 1301 opes

208 1309 241 1334 et
264 1304 482 1343 discipulorum
506 1304 681 1334 multitudo.
704 1307 778 1335 603.
816 1311 873 1334 λει-

208 1347 337 1386 τουργίαν
348 1352 475 1387 (munus
486 1346 659 1385 publicum)
670 1348 773 1378 subire
789 1348 874 1387 cogi-

209 1395 271 1420 tur.
288 1390 364 1420 ibid.
389 1391 487 1420 oratio
509 1391 548 1420 de
565 1391 709 1420 Amidosi
732 1398 872 1430 tanquam

209 1433 310 1472 imago
327 1433 399 1463 vitae
409 1432 562 1471 animique
574 1435 640 1472 ejus
651 1434 874 1464 consideranda

209 1481 269 1506 est.
283 1476 359 1506 ibid.
382 1476 480 1505 oratio
496 1477 535 1505 de
547 1477 693 1506 Antidosi
707 1482 756 1507 est
769 1477 871 1507 desen-

208 1520 255 1549 εἰσ
277 1519 348 1548 ficta
370 1524 476 1548 contra
495 1519 745 1549 calumniatorem
761 1521 820 1555 sui,
836 1530 873 1549 eo

209 1562 354 1596 consilio.
375 1567 407 1592 ut
423 1562 534 1597 omnia,
550 1573 617 1601 quae
637 1563 676 1592 de
697 1572 730 1592 se
752 1561 801 1602 (et
817 1563 874 1593 So-

211 1606 310 1644 crate)
331 1605 436 1634 dicere
459 1605 490 1634 in
514 1606 614 1635 animo
635 1606 757 1641 babeat,
774 1606 873 1644 palam

211 1649 312 1678 facere
332 1648 443 1688 possit.
459 1650 532 1678 604.
556 1648 653 1678 oratio
675 1649 714 1677 de
733 1648 875 1678 Antidosi

206 1691 321 1729 scripta
341 1697 388 1721 est
402 1701 479 1720 anno
494 1691 595 1721 aetatis
615 1692 805 1728 octogesimo
827 1702 875 1721 se-

210 1735 321 1764 cundo.
336 1734 412 1763 ibid.
435 1733 590 1764 Isocrates
608 1744 758 1774 nunquam
775 1735 804 1764 in
822 1736 872 1774 ju-

209 1777 324 1807 dicium
343 1781 480 1806 vocatus.
496 1779 569 1808 608.
594 1777 639 1806 illi
662 1788 679 1807 a
701 1777 809 1818 (ficto)
825 1788 876 1807 ca-

209 1820 391 1850 lumniatore
407 1819 565 1858 objicitur,
580 1821 682 1859 ipsum
697 1821 876 1851 adolescen-

211 1868 260 1893 tes
276 1873 486 1901 corrumpere.
508 1865 584 1893 609.
613 1873 672 1893 non
694 1864 790 1893 solum
812 1864 875 1903 pri-

211 1911 299 1936 vatos
325 1906 464 1935 homines
490 1906 663 1945 discipulos
689 1907 791 1942 babet,
820 1907 875 1936 sed

202 1949 360 1984 rhetores,
384 1949 492 1989 duces,
512 1959 603 1988 reges
628 1955 660 1980 et
679 1954 836 1988 tyrannos,
859 1960 876 1979 a

153 1990 159 1997 “
210 1993 322 2030 quibus
345 2001 480 2031 magnam
503 1992 642 2031 pecuniae
665 1993 724 2022 vim
743 1993 874 2033 accepit.

211 2035 287 2064 ibid.
310 2035 384 2065 nulli
402 2045 531 2073 unquam
548 2035 686 2074 injuriam
700 2036 783 2065 fecit.
800 2037 874 2066 610.

211 2088 363 2118 nunquam
388 2088 487 2116 neque
516 2079 545 2108 in
568 2079 699 2117 judicio,
723 2089 819 2117 neque
843 2078 875 2108 in

211 2121 378 2160 praetoriis,
405 2131 504 2159 neque
528 2121 660 2160 denique
689 2122 770 2161 apud
796 2122 876 2151 arbi-

211 2169 290 2194 trum
308 2163 462 2203 apparuit.
480 2167 554 2194 611.
579 2175 654 2202 opes
676 2167 715 2195 ab
737 2165 874 2194 externis

210 2207 405 2246 potissimum
429 2207 561 2246 accepit.
586 2207 661 2237 ibid.
691 2218 708 2237 a
734 2208 874 2242 Nic-oete,

209 2250 372 2280 Salaminis
388 2250 418 2279 in
431 2250 536 2289 Cypro
548 2259 632 2289 rege,
644 2252 738 2281 multa
753 2260 875 2289 magna-

211 2303 270 2331 que
294 2303 419 2323 munera
441 2293 573 2332 accepit.
595 2294 668 2323 ibid.
700 2294 805 2333 plures
828 2294 874 2322 di-

209 2336 348 2375 scipulos
375 2335 491 2371 babuit,
518 2346 607 2374 quarn
635 2348 738 2367 omnes
763 2336 874 2375 reliqui

210 2379 360 2409 rhetores.
376 2381 450 2409 612.
475 2389 491 2408 e
509 2379 672 2418 disciplina
693 2380 875 2418 eloquentiae

210 2422 312 2452 civilis
330 2421 459 2460 gratiam
471 2426 502 2450 et
517 2421 725 2453 celebritatem
742 2423 875 2462 adeptus

209 2470 268 2496 est.
287 2467 362 2496 614.
386 2465 461 2494 alias
483 2475 609 2503 prorsus
631 2465 784 2495 orationes
804 2476 875 2494 con-

209 2508 394 2547 fecit‚quam
411 2518 516 2537 omnes
528 2508 650 2547 reliqui.
664 2508 742 2538 ibid.
766 2508 796 2538 in
810 2519 876 2538 ora-

209 2551 290 2581 tione
320 2552 359 2580 de
385 2550 525 2580 Antidosi
552 2551 721 2581 orationum
754 2561 874 2581 suarum

210 2594 380 2633 specimina
395 2593 490 2623 veluti
511 2594 630 2633 frugum
647 2594 782 2624 exhibet.
800 2597 873 2625 615.
905 2623 908 2625 .

209 2637 424 2668 adolescentes
440 2637 476 2666 ad
495 2636 637 2666 virtutem
655 2642 685 2666 et
701 2637 806 2676 patria:
822 2638 875 2667 de-

211 2681 379 2710 fensionem
417 2680 609 2719 adhortatur,
641 2680 874 2710 Atheniensium

211 2725 342 2761 majores
353 2723 494 2752 laudibus
503 2723 675 2758 extollit,ut
689 2734 776 2752 nemo
787 2723 875 2759 alius,

210 2768 292 2805 quod
316 2767 383 2795 loco
399 2776 415 2795 e
435 2766 626 2804 Panegyrico
649 2766 779 2806 repetito
804 2776 876 2807 prn-

210 2809 275 2838 bat.
298 2810 371 2839 616.
389 2819 453 2848 seq.
484 2809 629 2838 orationis
655 2809 876 2847 Symmachicae

212 2853 426 2882 Summarium.
449 2853 524 2882 617.
548 2851 696 2881 orationis
717 2854 755 2882 ad
782 2852 876 2882 Nico-

212 2895 290 2924 elem
306 2895 507 2925 Summarium
525 2899 556 2924 et
571 2895 802 2934 c‹‚mp0.‹.i=ionis
824 2905 876 2934 ge-

212 2947 280 2966 nus.
301 2940 376 2969 618.
397 2938 474 2968 ibid.
497 2948 602 2968 omnes
618 2937 702 2968 illius
723 2939 876 2968 orationes

211 2981 249 3010 ad
265 2979 413 3011 virtutem
431 2987 463 3011 et
482 2981 633 3020 justitiam
651 2981 789 3011 tendunt.
804 2983 878 3012 618.

211 3023 357 3054 orationis
374 3024 412 3054 ad
435 3024 594 3056 Nicoclem
610 3024 790 3063 descriptio.
805 3027 879 3057 619.

1540 210 1623 254 875

951 321 1259 352 Isocratismaxima
1285 321 1315 351 in
1342 319 1446 352 verbis
1473 325 1504 352 et
1526 321 1618 353 factis

951 375 1018 397 cum
1031 366 1158 396 Socrate
1173 364 1352 395 similitudo.
1369 367 1444 395 671.

1251 439 1281 470 J.

906 492 1031 524 Jasonis
1044 485 1184 522 Thessali
1198 492 1296 531 gloria
1308 491 1378 522 inde
1391 496 1457 522 orta
1467 496 1526 528 est,
1536 493 1616 531 quod

951 536 1015 574 regi
1030 536 1194 573 Persarum
1211 535 1324 564 bellum
1341 535 1495 565 illaturum
1505 544 1537 565 se
1547 545 1618 565 esse

951 578 1040 608 dixit.
1059 580 1132 608 ⁸283.
1154 578 1247 607 idem.
1264 581 1340 608 764.

905 621 998 656 Jun0,
1013 621 1050 650 de
1067 620 1276 660 pulcritudine
1291 625 1422 650 certans.
1439 622 1515 652 474.

1247 698 1284 727 L.

907 748 1137 778 Lacedaemonii
1151 747 1273 786 imperii
1291 752 1321 778 et
1336 747 1498 787 potestatis
1512 746 1618 787 cupidi

949 791 978 820 in
996 791 1118 820 easdem
1137 801 1227 830 qnam
1242 792 1450 821 Athenienses
1465 789 1619 820 calamita-

950 839 996 863 tes
1018 833 1201 864 inciderunt.
1228 836 1301 863 962.
1321 836 1398 864 342.
1427 835 1465 863 ab
1492 833 1618 863 interitu

951 877 988 905 ab
1004 876 1246 906 Atheniensibus
1261 876 1418 907 vindicati.
1431 879 1505 907 264.
1521 877 1618 906 Lace-

950 919 1169 950 daemoniorum
1186 930 1290 959 regum
1311 922 1440 959 majores
1453 919 1621 949 Athenien·

951 962 1029 992 sium
1052 963 1169 992 auxilio
1191 963 1221 992 in
1247 963 1491 1002 Peloponnesum
1519 961 1620 991 redie-

950 1010 1031 1040 runt,
1046 1011 1078 1035 ct
1094 1008 1204 1044 Argos,
1221 1006 1469 1035 Lacedaemonem
1487 1009 1517 1034 et
1534 1005 1619 1034 Mes-

951 1059 1043 1078 senen
1067 1053 1268 1088 occuparunt⁷
1287 1048 1490 1086 Spartamque
1513 1047 1619 1076 condi-

951 1092 1073 1120 derunt.
1096 1093 1171 1122 191.
1201 1092 1404 1120 Lacedaemon
1425 1091 1453 1119 in
1477 1090 1618 1119 maximis

952 1134 1079 1162 Graeciae
1095 1134 1272 1163 civitatibus
1289 1138 1319 1162 et
1338 1137 1386 1162 est
1407 1139 1437 1162 et
1459 1131 1527 1163 fuit.
1543 1135 1619 1162 192.

951 1175 1180 1206 Lacedaemonii
1217 1180 1355 1215 tempore
1391 1175 1511 1204 Persici
1547 1175 1617 1206 belli

951 1219 1046 1248 multa
1064 1218 1210 1248 beneficia
1226 1219 1256 1248 in
1269 1220 1396 1248 Graecos
1412 1218 1618 1248 contulerunt.

952 1263 1023 1292 196.
1042 1272 1146 1291 eorum
1164 1262 1193 1290 iu
1206 1261 1286 1290 bello
1304 1260 1431 1294 Persico
1448 1260 1526 1291 laus.
1543 1264 1618 1292 201.

951 1314 1036 1343 seqq.
1060 1303 1158 1334 Xerxi
1171 1305 1200 1333 in
1213 1303 1429 1343 Thermopylis
1446 1309 1620 1340 occurrunt,

951 1347 1080 1377 delectis
1096 1347 1180 1376 mille
1195 1347 1234 1376 de
1250 1346 1314 1377 suis
1331 1353 1364 1377 et.
1378 1347 1530 1376 sociorum
1542 1358 1620 1387 pau-

951 1390 997 1419 cis
1007 1391 1183 1429 assumptiS.
1195 1392 1268 1420 202.
1287 1390 1428 1425 incusati,
1439 1390 1519 1429 qnod
1531 1391 1618 1419 Grae·

951 1443 1004 1462 cos
1028 1433 1128 1462 Persis
1151 1434 1348 1472 subjecerint,
1364 1433 1537 1472 iisdemque
1562 1434 1619 1464 du-

950 1475 1013 1505 rius
1024 1475 1336 1515 imperaverint.218.
1353 1483 1416 1514 s'eq.
1433 1477 1534 1506 socios
1545 1486 1617 1506 snos

950 1518 1080 1548 miseros
1099 1525 1133 1548 et
1156 1518 1282 1549 Persam
1307 1518 1423 1549 viribus
1441 1520 1618 1549 Graecorum

950 1571 1077 1599 regnum
1100 1572 1188 1591 snum
1211 1562 1328 1591 firmare
1353 1562 1522 1600 patiuntur,
1544 1562 1619 1592 olim

951 1604 1161 1639 democratiam,
1172 1615 1249 1634 nunc
1265 1604 1450 1634 monarcliiae
1465 1605 1615 1635 faventes.

950 1647 1029 1678 ibid.
1054 1647 1240 1677 Mantineam
1263 1657 1339 1686 pace
1360 1649 1440 1677 sacta
1462 1653 1620 1684 evertunt,

952 1690 1115 1720 Cadmeam
1127 1690 1338 1720 Thebanorum
1351 1697 1512 1730 occupant,
1521 1691 1620 1730 Olyn-

951 1733 1033 1763 tliios
1055 1739 1085 1764 et
1108 1733 1261 1764 Phliasios
1282 1733 1361 1764 bello
1385 1739 1620 1773 persequuntur,

951 1775 1112 1815 Amyntae,
1128 1777 1279 1816 Dionysio
1307 1781 1338 1806 et
1362 1777 1428 1815 regi
1457 1776 1620 1807 Persarum

952 1829 1076 1858 operam
1099 1825 1224 1857 navant,
1247 1819 1384 1858 quotidie
1409 1819 1525 1849 Graecis
1555 1820 1621 1849 bel-

952 1862 1013 1892 lum
1027 1862 1213 1898 inserunt,et
1226 1873 1294 1893 cum
1309 1863 1457 1893 Barbaris
1473 1867 1618 1892 aeternam

948 1907 1118 1945 junxerunt
1147 1906 1337 1936 societatem.
1365 1908 1438 1936 219.
1470 1905 1620 1935 maximas

953 1949 1129 1978 Graecorum
1153 1949 1298 1979 civitates
1315 1948 1430 1979 servire
1454 1954 1568 1987 cogunt
1589 1954 1621 1979 et

951 1991 1096 2021 maximis
1120 1991 1208 2021 malis
1231 1991 1378 2022 alliciunt.
1401 1991 1475 2021 ibid.
1500 1991 1621 2021 vicinos

951 2034 1107 2064 εἶλωτεύειν
1122 2040 1245 2074 cogunt.
1270 2035 1344 2065 ibid.
1372 2035 1622 2065 Lacedaemonio-

952 2088 1016 2107 rum
1039 2078 1139 2107 coloni
1157 2078 1307 2117 Gyrenaei.
1326 2079 1400 2108 9254.
1421 2088 1525 2108 eorum
1541 2077 1620 2108 civi-

952 2126 1044 2150 tatem
1075 2121 1330 2150 reconciliandam
1363 2131 1444 2151 esse.
1476 2122 1550 2151 ⁶261.
1581 2121 1620 2150 ad

952 2159 1250 2203 qnatnor'principes
1259 2164 1388 2193 Grzrciae
1399 2163 1540 2193 civitates
1552 2174 1621 2203 per-

952 2206 1036 2236 tinet.
1061 2206 1136 2236 ibid.
1168 2206 1315 2237 Hercnlis
1343 2207 1474 2245 posteris
1503 2208 1621 2246 regiam

951 2249 1132 2289 dignitatem
1153 2250 1316 2279 dederunt.
1336 2250 1409 2279 ibid.
1433 2249 1543 2279 civitas
1564 2250 1622 2279 ali-

952 2292 1074 2332 quando
1089 2291 1255 2323 ἐδυνάστευε
1271 2291 1296 2322 ἐν
1311 2293 1371 2327 τοῖς
1382 2291 1533 2324 Ἕλλησιν.
1546 2295 1621 2323 262.

953 2345 1026 2374 erga
1039 2336 1202 2365 Persarum
1216 2346 1317 2375 regem
1332 2335 1467 2366 amicitia
1482 2342 1621 2375 ternpore

953 2377 1100 2408 orationis
1116 2379 1313 2419 Philippicae.
1329 2381 1402 2409 263.
1421 2379 1542 2417 quantis
1558 2389 1620 2408 ma-

953 2421 992 2451 lis
1013 2421 1170 2452 affec-erint
1193 2421 1406 2451 Athenienses.
1426 2422 1502 2452 ibid.
1527 2420 1621 2452 Boeo-

953 2466 1024 2494 tiam
1046 2470 1166 2494 vastare
1183 2464 1285 2495 conati
1303 2470 1384 2494 sunt.
1403 2467 1477 2495 264.
1501 2475 1518 2493 a
1540 2464 1621 2503 prin·

953 2506 1035 2546 cipio
1055 2518 1124 2537 cum
1147 2507 1282 2537 finitimis
1304 2507 1383 2537 bella
1406 2513 1525 2545 gerunt.
1546 2509 1621 2540 265.

954 2550 1114 2580 Alcibiade
1139 2551 1298 2585 suadente,
1320 2550 1482 2590 imperium
1507 2551 1623 2580 mariti·

953 2603 1048 2633 mum,
1060 2595 1192 2624 omnium
1209 2594 1411 2624 calamitatum
1427 2603 1548 2625 suarum
1562 2593 1623 2623 ori-

955 2637 1068 2676 ginem,
1082 2637 1236 2666 consecuti
1254 2641 1333 2667 sunt.
1351 2637 1424 2666 267.
1448 2647 1550 2665 eorum
1568 2636 1624 2665 mi·

955 2680 1082 2710 seranda
1094 2680 1230 2710 conditio
1241 2685 1377 2719 tempore
1388 2679 1535 2709 orationis
1550 2679 1623 2708 Phi-

954 2722 1086 2763 lippicae.
1103 2725 1177 2754 264.
1201 2729 1271 2764 post
1286 2723 1404 2752 cladem
1427 2721 1621 2751 Leuctricam

956 2766 1130 2807 principatu
1155 2766 1283 2796 Graeciae
1309 2764 1421 2805 privati
1444 2769 1524 2794 sunt.
1546 2763 1622 2794 ibid.

957 2809 1068 2839 multus
1099 2810 1194 2839 bonos
1225 2809 1308 2838 viros
1339 2808 1516 2837 amiserunt.
1546 2807 1621 2837 ibid.

957 2851 1212 2892 Peloponnesios,
1230 2858 1319 2881 antea
1338 2850 1452 2886 socios,
1468 2850 1623 2880 'l'lwbanis

953 2896 1077 2933 junctos
1102 2894 1175 2925 lines
1203 2906 1273 2924 suos
1301 2894 1444 2924 invadere
1469 2893 1622 2923 viderunt.

958 2939 1031 2969 ⁶265.
1052 2938 1080 2968 in
1100 2938 1199 2968 media
1216 2938 1289 2967 urbe
1310 2946 1443 2976 pugnam
1461 2936 1624 2966 commise-

958 2986 1038 3012 tunt.
1062 2981 1137 3011 ibid.
1161 2991 1178 3010 a
1202 2980 1337 3010 finitimis
1362 2979 1443 3008 bello
1467 2984 1624 3017 petuntur.

958 3024 1033 3055 ibid.
1055 3024 1196 3055 omnibus
1215 3022 1331 3054 Graecis
1347 3021 1435 3053 invisi
1453 3028 1534 3053 sunt.
1548 3021 1625 3053 ibid.
