1914 3314
260 207 367 258 348

676 206 1258 253 JIROKPATOTE.
1306 246 1309 247 γ

265 323 340 383 τὴν,
366 317 600 388 Τιμοθέου
632 316 932 402 στράτηγῖαν,
982 313 1151 368 ουὸενα
1144 316 1323 405 χρόνον
1353 315 1438 375 ταὶς
1480 315 1694 381 ευτυχῖοις

267 402 526 458 κατασχεῖν
563 389 842 461 ἦδυνηθημεν,
871 389 1002 443 olma?
1039 412 1217 455 ταχεως
1256 387 1695 481 ὃιεσκοιριφησ-άμεθω

268 468 346 523 καὶ
361 464 644 535 διελύσαμεν
679 464 839 524 αυτ-οἱς.
867 463 1100 517 πολιτείαν
1126 462 1217 537 ’γοῖξ
1251 486 1328 523 την
1354 463 1548 546 ὄξθως
1516 471 1569 513 ἀν
1607 486 1697 520 τοις

269 540 510 610 προὶγμοισι
556 543 568 566 ¹

583 562 859 612 χρησαμξνην
896 563 973 590 ou?
1022 561 1180 607 ἔχομεν
1208 559 1305 588 ΟΠΤΕ

1339 535 1357 563 ²
1369 550 1517 594 κοιλως
1542 535 1736 608 {mou-c

268 638 365 683 μέν.
405 638 552 665 καίτοι
589 637 675 671 Τας
702 611 950 688 Ευπξαγίας
982 609 1184 669 ἅπαντες
1220 608 1346 679 ἶσμξν
1381 633 1458 661 καί
1498 633 1699 683 παραγί-

441 719 601 760 ¹xgnq’opas
590 718 644 749 ’νην
657 718 697 748 A.
715 717 752 748 C.
766 718 801 748 L.

273 802 376 831 decem
393 810 497 836 annos,
516 799 752 830 Atheniensibus
774 800 901 829 reddere
918 809 969 829 co-

275 845 356 883 egit.
349 855 356 861 ·
380 844 458 883 quod
474 843 519 872 illi
533 843 641 882 legatis
652 842 754 872 missis
766 841 912 877 fecerunt,
926 841 971 872 uti

274 887 353 916 infra
362 887 515 916 Isocrates
528 889 627 915 narrat
643 886 669 926 ᾗ.
683 883 738 924 κζ’.
761 885 910 914 caetermn
922 895 971 914 res

275 934 346 960 uota
358 932 415 964 est,
426 932 539 969 praeter
550 927 698 965 Isocratis
710 929 792 957 locos
804 929 841 957 ad
855 927 970 966 Philip.

275 981 306 1011 p
324 975 374 1003 94.
390 973 430 1001 D.
447 973 543 1010 Evag
561 981 591 1010 p.
608 972 681 1001 199.
698 970 733 999 C.
745 973 876 1000 -ΞΟΟ,
893 971 932 999 D.
943 975 974 999 et

278 1018 351 1046 202.
377 1016 416 1044 D.
444 1025 460 1043 e
484 1014 689 1053 Xenophonte
713 1012 837 1042 Hellen.
861 1013 918 1042 IV.
942 1023 973 1051 p.

278 1060 351 1089 518.
370 1060 406 1087 A.
423 1057 461 1086 Β.
486 1056 622 1086 Diodoro
644 1056 747 1085 Siculo
767 1056 847 1085 XIV
853 1076 860 1084 .
877 1057 928 1085 83.
945 1060 975 1084 et

279 1100 332 1131 84.
373 1101 495 1138 Nepote
510 1099 541 1128 in
555 1099 631 1128 Con.
648 1101 678 1127 4.
696 1098 823 1137 aliisque
845 1097 975 1128 laudatis

280 1153 297 1173 a
311 1144 402 1173 Mor-o
417 1142 455 1171 ad
471 1142 586 1180 Paneg.
599 1142 624 1181 ᾗ.
637 1140 697 1170 MV.
709 1141 776 1180 μα’.
792 1148 821 1170 et
837 1141 975 1171 Meursio

281 1185 415 1216 miscell.
434 1186 546 1214 Lacon.
563 1185 627 1213 ΙΙΙ.
643 1186 694 1213 10.
708 1184 757 1212 ubi
775 1184 812 1213 de
829 1189 964 1223 ternpore

281 1239 336 1268 per
347 1228 426 1266 quod
439 1226 661 1256 Lacedaemonii
674 1226 880 1265 Principatum
891 1228 977 1256 Grae-

282 1271 337 1300 ciae
357 1270 520 1304 tenuerint,
537 1270 685 1308 disputat.
712 1269 850 1299 Addatur
875 1269 977 1298 Ando-

283 1313 367 1343 cides
389 1313 442 1342 Or.
467 1312 534 1342 111.
558 1316 599 1347 et,
621 1311 670 1351 qui
691 1313 880 1350 conjunctum
910 1321 976 1340 cum

282 1355 443 1386 Timotheo
458 1355 520 1384 filio
531 1355 683 1384 Cononem
703 1359 814 1393 patrem
831 1354 977 1388 laudavit,

286 1398 457 1428 Dinarchus
479 1402 583 1427 contra
599 1397 758 1426 Demosth.
776 1397 801 1436 §.
817 1395 852 1434 γ’.
864 1400 895 1425 et
907 1406 977 1425 con-

285 1446 331 1471 tra
354 1440 522 1470 Philoclem
550 1440 577 1480 §.
599 1437 630 1469 δ’.
681 1440 717 1469 Id
748 1440 827 1468 haud
850 1439 979 1468 alienum

285 1485 408 1514 videtur
426 1488 542 1516 notare,
570 1482 649 1520 quod
675 1483 828 1511 Isocrates
851 1481 917 1519 ipse
941 1481 978 1510 ad

286 1527 368 1556 Phil.
386 1526 407 1554 l.
421 1536 448 1555 c.
465 1526 502 1555 de
518 1526 640 1554 Conone
654 1524 747 1554 dicit:
770 1523 873 1554 ἤλπισε
890 1530 979 1553 Λακε-

287 1568 437 1608 δαιμονίους
470 1567 720 1605 καταπολεμήσειν
754 1566 892 1606 ἄξχοντας
927 1569 981 1595 τῶν

287 1612 384 1641 ἄλλων
395 1610 528 1640 Ἐλλίνων
541 1611 589 1639 καὶ
603 1611 682 1638 κατὰ
699 1610 746 1647 γῆν
764 1609 811 1638 καὶ
832 1610 910 1638 κατὰ
932 1608 981 1638 902-

287 1662 412 1684 λατταν.
425 1652 563 1682 similiter
577 1663 594 1681 a
609 1652 747 1681 Diodoro
763 1663 790 1681 c.
807 1654 860 1683 39.
877 1652 982 1681 referri

287 1695 418 1726 Cononis
435 1695 491 1725 hoc
507 1695 535 1724 in
551 1694 649 1733 copiis
665 1695 875 1733 comparandis
889 1695 982 1724 fuisse

287 1739 447 1773 consilium
467 1742 502 1767 ut
523 1737 670 1767 Graeciam
691 1738 845 1767 liberaret.
889 1738 924 1767 In
947 1748 982 1766 eo

288 1787 386 1811 autem
403 1791 420 1810 a
442 1780 645 1819 Xenophonte
667 1785 698 1809 et
714 1782 835 1819 Nepote
855 1780 986 1809 discedit

289 1823 456 1859 Diodorus,
472 1824 550 1862 quod
574 1822 780 1858 Periarchum,
800 1834 857 1853 non
876 1823 984 1852 Pisan-

289 1868 390 1903 drum,
406 1866 702 1896 Lacedaemoniorum
718 1866 827 1895 duc-em
842 1865 984 1895 nominat.

291 1911 403 1940 Bene.

332 1953 387 1982 Τὴν
413 1948 558 1989 Τιμοθέου
583 1948 774 1991 στξατηγίειν]
813 1949 988 1990 Στςατηγίοιν

291 1995 367 2025 dicit
379 1994 518 2024 universe
529 1993 667 2032 quoniam
680 1993 828 2022 Timothei
846 1993 943 2022 virtus
958 1996 989 2022 et

292 2037 366 2068 mari
383 2041 414 2066 et
428 2042 509 2066 terra
523 2036 686 2075 conspicua
696 2036 760 2065 fuit.
787 2037 832 2065 De
845 2035 900 2064 hoc
913 2046 987 2074 quo-

293 2088 352 2120 que
374 2090 424 2109 res
442 2079 515 2109 satis
529 2079 653 2118 cognita
676 2083 724 2108 est
745 2089 761 2108 e
783 2079 914 2117 Nepote,
937 2077 989 2116 qui

294 2121 434 2153 v³ictoriis
449 2123 515 2161 ejus
529 2122 705 2151 memoratis
720 2132 786 2160 cap.
801 2124 831 2152 ¹2.
847 2121 969 2159 subjicit
982 2130 989 2150 τ

294 2167 393 2204 “Quo
406 2165 486 2195 facto
497 2164 719 2194 Lacedaemonii
735 2164 773 2194 de
787 2164 903 2193 diutina
919 2174 989 2193 con·

295 2209 430 2238 tentione
448 2207 639 2243 destiterunt,
654 2212 685 2236 et
705 2212 759 2237 sua
779 2211 885 2246 sponte
901 2207 990 2236 Athe-

296 2251 450 2280 niensibus
476 2250 595 2289 imperii
624 2249 764 2279 maritimi
789 2249 989 2289 principatum

297 2297 532 2330 concesserunt3
548 2302 716 2332 pacemque
728 2292 774 2322 his
783 2292 900 2332 legibus
913 2292 991 2321 fece-

297 2340 378 2371 runt,
396 2341 429 2365 ut
444 2336 640 2365 Athenienses
656 2335 729 2365 mari
749 2336 842 2365 duces
859 2333 992 2364 essent.’'

299 2377 371 2408 Fuit
395 2378 420 2407 is
442 2378 608 2416 discipulus
627 2378 784 2416 isocratis,
797 2378 885 2417 eique
903 2377 992 2407 valde

299 2421 440 2459 dilectus,
459 2421 573 2460 quippe
589 2422 675 2460 cujus
690 2421 779 2450 etiarn
799 2421 838 2450 ad
856 2431 924 2450 eum
940 2431 994 2450 ex-

300 2468 359 2494 stat
373 2464 522 2502 Epistola.
565 2464 624 2493 Sed
649 2472 793 2502 nusquam
817 2464 912 2501 magis
928 2464 994 2501 ejus

299 2506 404 2536 laudes
417 2506 594 2546 celebravit,
605 2516 691 2545 quam
707 2507 736 2536 in
753 2507 828 2536 Orat
843 2506 904 2546 mg}
919 2507 993 2536 ἀντι-

300 2549 397 2581 δόσεως
415 2547 439 2587 §.
457 2547 512 2583 κε’.
527 2547 578 2578 *εἲ
588 2567 629 2571 —
640 2547 672 2589 ζ’.
688 2549 740 2578 ubi
755 2550 816 2578 fere
830 2550 895 2587 ejus
907 2558 996 2578 enco-

297 2591 392 2622 mium
410 2591 542 2629 scripsit.
587 2592 719 2621 Primum
735 2592 773 2621 de
789 2593 854 2630 ejus
872 2591 996 2632 expedi·

300 2634 433 2664 tionibus
462 2634 659 2673 victoriisque
684 2634 774 2664 refert
805 2635 831 2674 §.
862 2632 917 2669 nc'.
946 2633 987 2663 *ε’

300 2677 432 2715 Reliqua
453 2676 481 2705 in
501 2678 566 2715 ejus
588 2677 701 2708 indole.
717 2677 876 2707 clementia
894 2682 923 2706 et
945 2678 996 2707 be-

301 2718 484 2755 nevolentia,
499 2729 556 2758 qua
572 2719 629 2748 sibi
644 2721 765 2759 suisque
782 2720 905 2749 Graecas
921 2719 997 2750 civi-

301 2768 379 2793 tates
408 2761 632 2797 conciliaverat,
669 2761 859 2792 celebrandis
886 2773 996 2792 consu-

301 2809 432 2836 mantur.
474 2805 573 2834 Locus
591 2804 707 2841 longior
722 2809 780 2840 est,
799 2815 885 2844 quam
904 2810 936 2835 ut
948 2805 997 2835 hic

303 2847 508 2878 adscribatur:
533 2847 586 2877 sed
603 2847 860 2877 animadversione
872 2848 996 2886 dignum

303 2896 361 2927 est,
380 2890 552 2921 Cornelium
571 2890 722 2928 Nepotem
744 2889 774 2919 in
789 2891 947 2920 Timotheo
962 2891 997 2920 C.

305 2937 334 2963 1.
351 2938 381 2963 et
392 2936 423 2964 2.
460 2934 624 2963 Isocratem
641 2931 669 2961 in
686 2933 834 2962 nonnullis
850 2932 997 2963 imitatum

304 2975 415 3013 videri,
427 2981 459 3006 ut
469 2975 590 3015 quidem
606 2980 710 3006 censet
719 2974 852 3005 Orellius
868 2975 896 3004 in
910 2976 996 3005 Praef.

1244 716 1258 735 ²
1279 716 1372 747 λαςεῖν
1387 716 1427 747 A.
1444 716 1480 747 C.
1495 715 1532 747 L.

1003 801 1106 830 lomi.

1047 841 1356 883 Διεσκαςιφησάμεθα]
1382 842 1491 872 Rarior
1502 852 1574 878 vox,
1589 841 1629 871 de
1645 851 1704 880 qna

1004 891 1130 925 egerunt
1158 885 1393 925 Harpocration,
1422 886 1545 922 Suidas,
1579 885 1703 924 Etymo-

1004 929 1103 967 lngus,
1120 928 1306 966 Hesychius,
1322 928 1385 964 alii,
1406 937 1532 967 quorum
1556 927 1623 956 loca
1639 926 1702 956 vid'.

1006 982 1053 1010 ap.
1078 971 1206 1000 Coraem
1231 971 1260 999 in
1287 971 1408 1009 egregia
1431 970 1466 999 ad
1489 971 1519 999 h.
1540 969 1560 999 Ι.
1579 975 1702 999 annota-

1006 1014 1100 1043 tione.
1143 1014 1253 1042 Sensus
1280 1014 1460 1052 perspicuus
1485 1017 1544 1047 est,
1567 1017 1599 1041 et
1619 1016 1703 1041 recte

1007 1057 1043 1085 ab
1070 1066 1106 1084 eo
1130 1065 1309 1094 expressus,
1332 1053 1575 1094 διεσκορπίσαμεν,
1600 1054 1702 1083 διεσκε-

1008 1098 1147 1138 δάσαμεν,
1171 1099 1390 1135 dissipavimus3
1418 1097 1589 1136 explicatur
1611 1097 1703 1126 etiam

1009 1141 1147 1180 sequenti
1161 1141 1209 1170 καὶ
1231 1140 1399 1180 διελύσαμεν
1418 1141 1521 1175 αὐτᾶς,
1535 1139 1615 1169 unde
1633 1149 1704 1168 con·

969 1205 976 1217 ‚
1004 1184 1075 1223 jicit
1107 1184 1218 1213 Coraes
1241 1188 1293 1212 aut
1321 1183 1398 1222 apud
1422 1181 1704 1222 Hamocrafionem,

1009 1226 1060 1265 qui
1072 1225 1177 1256 itidem
1195 1226 1249 1255 hac
1267 1236 1341 1255 voce
1358 1225 1583 1265 iuterpretatur,
1598 1225 1703 1263 legen-

1010 1270 1079 1298 dum
1099 1279 1167 1298 esse
1191 1268 1372 1309 διεχῦκμεν,
1388 1273 1439 1297 aut
1459 1267 1516 1297 tria
1537 1267 1596 1296 ista
1613 1275 1704 1296 voca-

1010 1312 1080 1340 bula
1110 1322 1150 1341 ex
1177 1311 1329 1340 Isocratea
1365 1311 1500 1341 oratione
1542 1309 1701 1348 ejicienda.

1010 1355 1157 1383 Neutrum
1181 1363 1307 1382 necesse
1331 1353 1462 1384 videtur.
1504 1353 1535 1382 Si
1559 1351 1611 1392 qui
1634 1361 1705 1381 con-

1006 1398 1132 1434 jecturae
1154 1396 1239 1425 locus
1259 1406 1325 1425 ese
1349 1397 1469 1431 debeat,
1483 1395 1587 1435 quidni
1603 1394 1706 1433 potius

1011 1440 1050 1468 ab
1065 1439 1200 1468 Isocrate
1218 1438 1361 1476 scriptum
1373 1438 1508 1467 dicamus
1517 1437 1706 1478 &extio-aper?

1013 1481 1074 1510 Sed
1098 1491 1134 1510 ne
1155 1481 1192 1510 de
1216 1480 1274 1509 hic
1295 1481 1413 1519 quidem
1442 1485 1575 1510 statuere
1600 1479 1708 1509 ausim.

1013 1525 1161 1553 Caeterum
1173 1523 1211 1552 de
1225 1522 1478 1560 Harpocrationis
1493 1523 1561 1552 loco
1578 1518 1708 1551 conferri

1013 1566 1103 1596 etiam
1129 1570 1255 1605 possunt
1282 1566 1451 1606 Stephanus
1481 1565 1580 1595 Diatr.
1608 1564 1709 1594 Isocr-

1014 1610 1088 1638 VII.
1114 1609 1165 1648 qui
1188 1610 1226 1638 ab
1251 1609 1305 1638 illo
1328 1609 1474 1648 scriptum
1505 1608 1599 1637 fuisse
1623 1611 1710 1647 putat

1013 1650 1199 1693 διεῤῥίψαμεν,
1215 1655 1245 1681 et
1260 1652 1301 1681 H.
1318 1650 1500 1691 Royaards'
1492 1661 1522 1680 m
1540 1650 1638 1680 Diatr.
1659 1660 1709 1680 su-

1016 1706 1067 1735 pra
1082 1695 1162 1724 laud
1175 1706 1207 1734 p.
1219 1697 1269 1725 27.
1285 1704 1412 1734 cumque
1429 1693 1531 1733 priore
1545 1694 1610 1732 ejus
1623 1697 1709 1732 parte

1014 1738 1104 1777 plane
1117 1737 1301 1767 conveniunt
1315 1738 1378 1766 haec
1390 1735 1582 1766 Grammatici
1597 1734 1710 1765 veteris

1021 1780 1198 1810 Bekkeriani
1221 1780 1260 1809 V.
1279 1779 1306 1808 Ι.
1332 1790 1362 1819 p.
1388 1781 1460 1810 239.
1482 1776 1711 1818 Διεσκαςιφησιί-

1016 1821 1104 1863 μεθα·
1117 1821 1180 1851 ἀντὶ
1192 1834 1242 1852 του
1226 1821 1433 1861 ‘mmmmm
1443 1822 1574 1860 σκάριφον
1584 1820 1637 1860 γάρ
1646 1819 1713 1850 ἐστι

1019 1865 1052 1895 τὸ
1069 1865 1169 1906 κάρφος
1188 1865 1235 1894 καὶ
1257 1864 1398 1904 φρυγανον,
1415 1864 1480 1895 ’ἐστι
1495 1863 1523 1893 δὲ
1539 1865 1578 1894 τὰ
1592 1864 1713 1893 τοιαῦτα

1018 1907 1171 1938 εὐδιάλυτα
1183 1907 1229 1936 καὶ
1241 1907 1396 1946 εὖφύεητα.
1421 1908 1523 1937 IDEM.

1061 1953 1122 1985 Τὰς
1137 1951 1288 1990 εὐπραγίας
1309 1950 1434 1983 ἅπαντες
1448 1949 1533 1990 ἴσμεν
1549 1966 1590 1972 -
1605 1946 1716 1988 metes·

1020 1992 1183 2034 βλημένοις]
1208 1993 1357 2022 Convenit
1373 1992 1591 2031 quodammodo
1603 1991 1716 2022 dictum

1022 2036 1236 2066 Themistoclis
1246 2036 1325 2075 apud
1337 2035 1485 2065 Jusxinum
1499 2035 1543 2064 11.
1555 2036 1606 2065 12.
1629 2038 1648 2052 “
1660 2035 1717 2064 Pu-

1023 2079 1109 2108 triam
1126 2078 1293 2117 municipes
1306 2089 1385 2113 esse,
1396 2087 1454 2108 non
1467 2077 1576 2107 moenia
1588 2087 1597 2115 ;
1610 2077 1715 2107 civita-

1023 2126 1144 2160 temque
1165 2132 1221 2151 non
1246 2120 1276 2150 in
1301 2121 1448 2155 aedificiis,
1467 2120 1519 2149 sed
1545 2120 1573 2149 iu
1598 2120 1718 2150 civibus

1024 2163 1186 2202 positani.’'
1231 2164 1269 2193 Et
1284 2163 1381 2193 Niciae
1396 2162 1475 2202 apud
1491 2161 1629 2202 ''I'hncyd.
1643 2163 1718 2192 vn.

1024 2209 1078 2236 77.
1093 2206 1182 2246 ἄνδξες
1196 2208 1248 2246 γὲς
1263 2205 1356 2241 πόλις,
1375 2205 1421 2235 καὶ
1437 2204 1464 2235 οὔ
1479 2203 1575 2246 τείχη,
1587 2203 1645 2234 οὐδὲ
1659 2206 1718 2238 νῆες

1025 2249 1121 2289 ἐνδεῶν
1137 2250 1221 2279 κεναί.
1267 2249 1345 2278 Item
1362 2247 1506 2288 Agesilai,
1523 2248 1573 2288 qui
1591 2248 1718 2278 interro-

1027 2298 1126 2331 gatus,
1144 2303 1197 2322 cur
1217 2293 1326 2330 Sparta
1348 2302 1405 2320 non
1430 2295 1510 2320 esset
1532 2289 1647 2320 munita
1672 2300 1718 2319 re-

1027 2335 1165 2375 spondit:
1189 2334 1277 2374 ἄνδξες
1289 2333 1371 2368 πόλις
1383 2333 1430 2363 καὶ
1446 2333 1474 2363 οὗ
1488 2334 1592 2374 τοῖχοι·
1608 2332 1659 2363 cui
1677 2333 1720 2362 si-

1027 2379 1096 2408 mile
1111 2383 1156 2407 est
1171 2378 1252 2407 aliud
1271 2377 1412 2416 Lycurgi,
1429 2377 1509 2415 quod
1523 2387 1538 2406 e
1557 2375 1720 2406 Plutarcho

1028 2420 1141 2451 notavit
1150 2420 1385 2450 Valckenaerius
1396 2420 1432 2448 ad
1441 2420 1566 2449 Theocr.
1580 2419 1674 2449 Adon.
1687 2429 1718 2458 p.

1029 2505 1118 2546 δςείοις
1129 2506 1175 2534 καὶ
1191 2506 1218 2535 οὐ
1235 2504 1354 2538 πλίνθοις
1369 2505 1577 2544 εστεφάνωται.
1621 2504 1719 2534 Caete-

1028 2560 1092 2578 rum
1109 2549 1145 2578 ad
1161 2549 1252 2578 verba
1266 2549 1294 2578 οὗ
1309 2549 1368 2581 τοῖς
1380 2547 1462 2588 τεῖχη
1477 2559 1514 2586 μ.
1529 2558 1557 2577 ιι.
1572 2555 1600 2576 κ.
1617 2557 1650 2576 π.
1665 2555 1720 2586 op-

1029 2593 1128 2632 posite
1139 2591 1287 2621 XVolfius:
1305 2595 1312 2608 ‘
1327 2588 1542 2631 Haec(inquit)
1555 2589 1592 2619 ad
1603 2588 1720 2619 laudem

989 2654 996 2663 .
1030 2636 1210 2665 Athenarum
1228 2633 1375 2673 pertinent
1387 2632 1406 2662 :’
1429 2632 1586 2672 attulitque
1599 2632 1635 2661 ad
1651 2639 1720 2671 pro-

1030 2677 1113 2707 xime
1129 2677 1284 2715 sequentia
1295 2676 1374 2705 ἀλλὰ
1389 2675 1447 2709 τοῖς
1460 2674 1564 2715 ἄριστα
1574 2674 1620 2704 καὶ
1633 2681 1722 2714 σωφς.

1030 2732 1058 2750 τ.
1082 2732 1111 2750 α.
1133 2720 1158 2750 δ.
1176 2721 1272 2749 locum
1295 2718 1394 2748 Plauti
1416 2718 1446 2748 in
1465 2716 1559 2747 Persa
1580 2719 1647 2747 Act.
1665 2717 1722 2746 IV.

1029 2765 1079 2793 Sc.
1098 2763 1153 2792 IV.
1172 2773 1214 2792 vs.
1234 2765 1262 2793 5.
1280 2762 1328 2791 ubi
1345 2762 1383 2791 de
1400 2759 1524 2790 Athenis
1547 2759 1724 2800 Sagaristio,

1031 2805 1067 2836 V*
1059 2817 1124 2846 nrgo
1140 2810 1170 2835 et
1181 2805 1310 2835 Toxilus
1326 2803 1554 2842 colloquuntur.

1072 2866 1093 2883 “
1108 2866 1139 2894 S.
1162 2864 1244 2901 Quid
1261 2863 1292 2892 id
1307 2862 1387 2901 quod
1401 2861 1517 2898 vidisti,
1533 2866 1565 2890 ut
1581 2860 1724 2892 munitum

1156 2917 1241 2936 muro
1253 2905 1306 2935 tibi
1323 2905 1419 2934 visum
1431 2900 1471 2933 'st
1485 2903 1654 2943 oppidum?

1075 2951 1112 2980 V.
1135 2949 1166 2980 Si
1182 2948 1286 2978 inoolae
1305 2949 1381 2977 bene
1394 2951 1463 2977 sunt
1486 2947 1605 2983 morati,
1621 2947 1723 2987 peiore

1157 2991 1303 3021 munitum
1319 2990 1456 3021 arbitror.
