1914 3314
280 208 387 260 600

753 218 1234 263 ΙΣΟΚΡΑΤΟὙΣ

280 352 363 386 τοις
386 327 558 392 αἵτινες,
585 327 693 380 δι’
659 355 715 389 ας
748 328 879 388 οὕτως
912 329 1102 398 duel-comit
1134 330 1266 381 αὐτον
1299 329 1410 382 ὄντα
1434 342 1523 391 τοῖς
1545 330 1701 390 ἀλλοις

277 401 456 494 ’γράφειν
482 402 749 472 προειλομην”
788 428 852 473 μη
888 403 978 478 yda
1015 427 1174 455 τουτων
1213 401 1486 465 δηλωθεισων
1519 416 1743 466 πολλοῖςὺ

277 474 330 524 οἳν
355 472 458 534 ἴσως
481 473 649 535 α’τοπος
675 500 777 529 ειναι
804 459 972 541 ὃοζειεν.

276 580 366 609 etiam
394 581 426 610 in
454 580 534 610 bello
560 581 789 611 Atheniensium
820 583 967 612 beneficia

276 622 392 652 laudari
413 629 576 659 merentur,
598 634 686 662 quum
713 635 767 663 pro
792 625 888 663 patria
912 626 966 654 ali-

275 675 419 704 orumque
443 666 582 695 libertate
616 667 708 696 multa
741 677 906 706 magnaque
937 672 968 696 et

275 708 435 747 splendida
459 708 596 747 pericula
621 710 787 745 subierunt,
809 709 966 739 imbecilli-

274 750 439 790 oribusque
460 750 612 790 opitulari,
637 762 722 790 quam
745 752 965 791 potentioribus

274 793 449 832 iujuriarum
486 795 638 832 adjutores
677 804 744 824 esse
786 795 967 824 maluerunt.

274 835 371 872 Quem
395 841 564 875 promptum
583 846 685 866 eorum
705 837 742 866 ad
758 847 845 876 opem
869 838 965 866 feren-

273 879 341 908 dam
375 879 502 908 animum
537 890 571 909 ao
602 880 776 917 potentiam,
799 880 965 919 supplices,

273 921 490 961 antiquissimis
512 923 574 961 jam
596 923 794 961 temporibus,
818 923 963 957 Athenas,

272 969 411 1003 tanquam
451 965 488 993 ad
525 975 713 994 communem
748 965 964 994 misericordiae

273 1017 354 1036 aram
374 1007 594 1044 confugientes,
616 1008 690 1036 satis
712 1008 877 1037 declarant.
921 1009 965 1037 Ut

272 1049 388 1079 leviora
419 1050 565 1085 omittam,
596 1050 756 1085 Adrastus,
781 1050 962 1088 Argivorum

272 1103 340 1127 rex,
363 1092 510 1121 adversus
528 1093 696 1126 Thebanos,
717 1093 768 1132 qu‘i
785 1102 909 1131 corpora
925 1093 963 1121 ad

271 1135 434 1164 Cadmeam
463 1145 607 1164 caesornm
636 1135 811 1174 sepelienda
834 1135 962 1164 reddere

273 1182 496 1212 recusaverant,
511 1182 541 1206 et
556 1177 730 1207 Heraclidae
742 1178 887 1207 adversus
900 1178 962 1206 En-

271 1220 425 1259 rystheum
437 1229 523 1257 opem
538 1220 622 1248 urbis
633 1225 741 1249 nostrae
755 1220 962 1258 implorarunt,

271 1267 354 1292 tanto
377 1272 529 1296 successu,
552 1266 585 1290 ut
598 1262 828 1291 Atheniensium
848 1262 962 1291 auxilio

270 1304 366 1343 adjuti
382 1305 492 1334 alteros
507 1305 654 1333 cadavera
672 1304 800 1333 reddere
819 1308 962 1342 cogerent

273 1352 304 1377 et
331 1347 454 1376 alterius
478 1346 618 1376 ferociam
640 1356 764 1385 prorsus
787 1355 961 1384 compesce·-

271 1395 348 1420 rent.
372 1390 531 1425 Adrastus,
543 1399 668 1428 compos
684 1389 747 1418 voti
761 1388 960 1423 sactus,'1·he-

273 1433 326 1461 bas
349 1432 480 1470 reliquit,
502 1437 533 1461 et
552 1432 751 1470 Eurystheus,
775 1430 825 1469 qui
841 1431 961 1460 Hercu-

271 1475 343 1511 lem,
356 1475 433 1505 Jove
449 1479 550 1504 natum
572 1474 734 1512 divinoque
756 1474 863 1502 robore
884 1483 960 1511 prae-

272 1518 382 1553 ditum,
403 1516 511 1556 partim
533 1517 680 1555 imperiis,
703 1515 810 1555 partim
831 1515 959 1553 injuriis,

271 1570 326 1598 per
339 1565 428 1589 totam
441 1560 531 1588 vitam
544 1564 717 1594 vexaverat,
730 1558 781 1587 ubi
797 1568 851 1587 nos
866 1559 960 1587 taces-

272 1603 396 1637 siverat,
412 1606 517 1641 captus
532 1602 569 1630 ab
585 1601 760 1630 Heraclidis
783 1600 960 1630 contumeli-

272 1655 324 1674 oss
339 1648 434 1673 morte
456 1643 565 1682 periit;
585 1654 675 1683 quum
695 1653 769 1673 vero
785 1643 959 1672 Heraclidae

270 1689 408 1726 Spartam
424 1691 529 1725 postea
545 1687 708 1716 conderent
724 1688 848 1725 ejusque
871 1696 958 1723 reges

272 1729 387 1765 tierent,
413 1728 510 1759 omnis
534 1729 713 1768 posterioris
736 1728 958 1758 Lacedaemoni·

271 1781 355 1801 orum
376 1772 540 1806 felicitatis,
557 1772 782 1801 Atheniensium
804 1772 960 1807 beneficio,

272 1820 409 1844 auctores
425 1815 552 1844 fuerunt.
598 1815 717 1854 Quodsi
728 1825 800 1844 vero
813 1815 960 1852 antiquis-

273 1857 357 1886 simis
370 1857 431 1886 illis
446 1857 631 1896 temporibus
647 1857 755 1887 civitas
770 1863 872 1886 nostra
881 1857 959 1886 The-

272 1901 376 1929 banos·
387 1900 532 1939 imperata
557 1900 655 1929 facere
682 1900 793 1938 coegit,
817 1899 960 1929 Lacedae-

272 1942 387 1972 monios
402 1942 547 1978 serravit,
566 1942 701 1982 Argivos
717 1943 800 1976 vicit,
820 1946 909 1981 atque
930 1941 960 1970 hi

272 1989 333 2015 tres
363 1985 466 2025 populi
493 1985 695 2024 potentissimi
724 1985 853 2014 omniurn
877 1985 960 2014 Grae-

271 2037 373 2057 corum
391 2028 521 2063 fuerunt,
537 2032 655 2057 nostros
671 2029 799 2066 majores
821 2027 960 2057 omnibus

273 2071 309 2099 ab
325 2070 411 2100 initio
428 2070 599 2109 superiores
614 2071 707 2100 fuisse
721 2070 827 2109 liquet.
861 2071 960 2108 Atque

271 2113 352 2142 idem
368 2114 430 2143 fere
445 2114 483 2142 de
499 2113 642 2142 Barbaris
665 2113 767 2143 dicere
788 2113 871 2149 licet,
887 2123 960 2151 quo-

271 2166 338 2185 rum
355 2156 578 2196 antiquissimos
593 2166 628 2185 ac
644 2156 870 2195 potentissimos
887 2155 961 2184 civi-

272 2204 318 2227 tas
329 2205 431 2228 nostra
448 2199 530 2228 vicit.
573 2199 721 2228 Thracum
738 2203 769 2228 et
780 2199 959 2228 Amazonum

272 2241 468 2276 incursiones,
484 2241 546 2280 qui,
562 2241 793 2271 Atheniensibus
818 2242 847 2270 in
876 2245 961 2279 pote·

274 2288 378 2313 statem
405 2284 546 2318 redactis,
569 2294 670 2313 ornnes
696 2284 814 2314 omnino
837 2285 961 2313 Graecos

273 2327 430 2365 subegisse
454 2327 661 2365 opinabantur,
676 2331 758 2356 tanto
780 2336 922 2356 successu
945 2335 962 2355 a

274 2370 435 2406 majoribus
455 2369 565 2398 nostris
580 2370 711 2408 repulsae
727 2375 808 2403 sunt,
827 2374 861 2399 ut
876 2368 961 2398 alteri

275 2412 363 2441 sedes
378 2422 447 2441 suas
459 2412 574 2441 Graecis
588 2413 760 2451 permittere
771 2417 960 2450 cogerentur,

275 2454 432 2483 alterarum
447 2455 529 2484 nulla
543 2455 629 2484 clade
643 2459 798 2494 superstes
810 2460 902 2485 esset.
925 2454 959 2483 In

275 2495 353 2525 bello
376 2503 473 2526 autem
494 2501 597 2528 contra
623 2498 747 2527 Darium
770 2503 801 2527 et
821 2498 959 2527 Xerxem

273 2543 360 2577 gesto
376 2545 405 2568 et
420 2540 514 2569 virtus
535 2544 566 2569 et
586 2550 660 2579 opes
681 2542 825 2579 majorum
843 2545 961 2570 nostro-

274 2591 337 2610 rum
353 2586 410 2611 tarn
431 2582 563 2620 insignes
577 2583 672 2617 fuere,
686 2588 719 2612 ut
736 2584 858 2621 pra’mio
874 2583 961 2613 sorti-

271 2623 387 2654 tudinis
403 2626 439 2653 ab
454 2624 540 2653 initio
556 2626 653 2655 statim
669 2625 752 2665 digni
768 2627 960 2664 haberentur,

274 2671 306 2696 et
324 2666 425 2705 paullo
445 2672 524 2706 post,
540 2668 670 2697 omnium
692 2679 850 2705 consensu,
871 2669 961 2700 maris

274 2709 432 2748 imperinm
460 2709 639 2746 obtinerent,
669 2721 726 2740 non
751 2712 961 2742 recusantibus

274 2752 521 2786 Lacedaemoniis,
543 2752 581 2781 de
601 2763 725 2792 quorum
748 2760 778 2783 et
802 2755 960 2784 Athenien-

274 2795 350 2825 sium
375 2795 499 2824 civitate
514 2795 616 2833 paullo
639 2796 788 2834 prolixius
810 2797 961 2828 disserere

275 2838 416 2872 conabor,
430 2837 487 2867 etsi
508 2837 610 2875 piures
626 2838 707 2877 iique
723 2839 960 2878 eloquentissimi

273 2880 358 2910 cives
378 2881 498 2910 easdem
520 2889 570 2909 res
589 2881 650 2918 jain
673 2881 742 2910 olim
766 2888 960 2920 occuparunt.

273 2924 374 2962 Atque
386 2923 443 2953 hoc
460 2924 526 2952 loco
541 2923 573 2958 ii,
586 2923 637 2961 qui
653 2929 721 2952 ente
735 2923 791 2953 hoo
807 2925 919 2954 bellum
933 2926 961 2955 in

274 2971 398 3005 utraque
433 2965 557 2995 civitate
587 2965 802 3005 rempublicam
837 2968 961 2998 admini—

273 3012 416 3046 strui-unt,
427 3013 553 3048 propter
568 3009 692 3048 egregie
703 3009 839 3039 institute
851 3021 962 3041 moree-

1010 592 1079 620 que,
1106 582 1214 621 quibus
1246 582 1389 621 populum
1419 583 1456 611 ad
1481 583 1634 619 virtutem,
1669 586 1698 614 in

1008 624 1134 654 Persico
1173 625 1252 654 bello
1289 625 1455 664 probatam,
1484 632 1699 664 praepararunt,

1008 666 1130 696 silentio
1154 678 1212 696 non
1237 673 1306 696 sunt
1329 668 1541 705 praetereundi.
1587 669 1700 705 Quem-

1007 709 1166 739 admodum
1186 720 1259 739 vero
1285 720 1357 748 erga
1379 720 1424 744 se,
1439 711 1546 739 eodem
1561 711 1653 741 modo
1666 716 1699 741 et

1007 758 1078 789 erga
1094 753 1225 791 reliquas
1245 753 1383 781 civitates
1397 752 1497 781 affecti
1513 758 1608 788 erant,
1624 763 1698 792 quas

1007 795 1158 824 beneficiis
1185 795 1345 824 conciliare
1367 795 1436 828 sihi,
1452 805 1539 833 qnam
1565 796 1594 824 vi
1616 797 1698 825 subi-

1007 846 1089 875 gere,
1106 838 1199 867 satius
1214 838 1377 867 duxerunt.
1421 838 1482 866 His
1500 838 1593 877 igitur
1608 839 1697 868 mori·

1006 879 1062 908 bus
1084 881 1200 918 posteri
1222 890 1325 909 eorum
1345 880 1452 909 imbuti
1468 885 1499 909 et
1513 881 1605 920 aucti,
1622 881 1696 910 tales

1006 932 1075 951 sese
1103 922 1131 951 in
1160 923 1240 952 bello
1261 922 1387 952 Persico
1411 923 1629 961 praestiterunt,
1649 928 1696 959 nt,

1007 964 1119 994 viribus
1135 965 1228 995 totius
1248 965 1339 994 totins
1353 965 1437 994 Asiae
1459 965 1598 1003 perbrevi
1619 969 1695 995 tem-

1004 1016 1077 1044 pore
1097 1008 1213 1043 fractis,
1236 1009 1376 1046 omnique
1402 1007 1490 1037 laude
1519 1007 1695 1046 superiores

1004 1049 1086 1084 facti,
1115 1060 1210 1089 neque
1233 1058 1389 1088 poetarum
1420 1060 1515 1088 neque
1543 1054 1694 1080 oratorum

1003 1092 1157 1130 quisquam
1175 1103 1227 1122 eos
1243 1093 1334 1131 digne
1350 1091 1422 1121 satis
1443 1092 1590 1122 extollere
1603 1098 1692 1131 potn-

1003 1134 1071 1163 erit.
1115 1135 1189 1165 Fuit
1206 1135 1328 1173 quidem
1344 1144 1464 1174 semper
1476 1135 1556 1164 inter
1569 1135 1694 1164 Atheni-

1003 1187 1090 1205 enses
1113 1177 1417 1215 Lacedaemoniosque
1440 1177 1591 1207 aemnlatio
1611 1188 1692 1217 quae-

1002 1219 1068 1249 dam
1091 1231 1126 1249 ac
1148 1221 1268 1249 honoris
1290 1219 1463 1256 contenti03
1485 1220 1538 1249 sed
1562 1225 1628 1250 tum
1652 1222 1691 1250 de

999 1262 1097 1291 salute
1114 1263 1298 1298 Graecorum,
1314 1272 1372 1292 non
1391 1262 1430 1291 de
1445 1262 1604 1298 servitute,
1625 1272 1690 1292 oer-

1002 1309 1114 1340 tarunt,
1136 1303 1217 1343 quod
1240 1305 1345 1343 utique
1359 1304 1508 1343 imprimis
1522 1305 1689 1346 eeleritate,

1000 1356 1056 1383 qus
1083 1346 1207 1385 primam
1225 1348 1379 1376 Persarum
1393 1347 1422 1375 in
1439 1347 1587 1376 Graeeiam
1610 1348 1687 1377 irru-

1000 1388 1133 1426 ptionem
1154 1393 1376 1427 represserunt,
1402 1389 1453 1417 ubi
1477 1389 1564 1418 alteri
1584 1389 1688 1419 alteris

1001 1431 1116 1468 priores
1132 1441 1201 1460 esse
1219 1431 1389 1466 voluerunt,
1408 1431 1520 1460 affatim
1536 1431 1611 1460 satis
1627 1442 1688 1461 ma—

1001 1473 1189 1503 nisestarnnt.
1249 1474 1327 1511 Quae
1363 1474 1520 1512 utriusque
1555 1474 1689 1504 civitatis

999 1516 1152 1546 aemulatio
1173 1516 1262 1546 etiam
1285 1516 1384 1555 palam
1410 1516 1442 1545 111
1462 1527 1504 1545 ex
1533 1526 1581 1551 eo,
1607 1517 1688 1555 qnod

1001 1559 1197 1588 Athenienses
1210 1559 1238 1588 in
1250 1560 1381 1588 secunda
1393 1559 1553 1588 Persarum
1563 1559 1593 1588 in
1603 1561 1689 1589 Grae-

1000 1601 1074 1630 ciam
1091 1601 1294 1640 expeditione,
1311 1602 1360 1631 cui
1376 1601 1500 1631 Xerxes
1522 1601 1590 1641 ipse
1611 1612 1689 1642 prae·

1000 1644 1066 1679 suit,
1081 1655 1148 1673 oum
1165 1645 1269 1683 paucis
1285 1645 1412 1674 navibus
1428 1645 1502 1680 suis,
1518 1641 1612 1674 veluti
1633 1645 1690 1675 5011

1002 1696 1069 1716 cum
1085 1687 1227 1716 Barbaris
1246 1687 1408 1726 confligere
1423 1691 1580 1726 cuperent,
1599 1687 1691 1717 classi

1002 1729 1121 1759 illorum
1157 1730 1194 1758 ad
1227 1729 1432 1765 Artemisium,
1469 1730 1690 1760 Lacedaemonii

1002 1777 1112 1808 autem,
1141 1772 1247 1811 paucis
1273 1772 1369 1812 adjuti
1397 1772 1499 1807 sociis,
1531 1772 1691 1802 Persarum

1002 1815 1194 1853 pedestribus
1228 1815 1326 1853 copiis
1361 1814 1625 1844 innumerabilibus
1660 1815 1691 1844 111

999 1858 1215 1896 Thermopylis
1231 1862 1434 1887 occurrerunt.
1470 1857 1581 1887 Verum
1598 1857 1690 1886 enirn-

1003 1910 1074 1929 vero
1092 1901 1177 1929 varia
1193 1900 1312 1937 utrique
1327 1901 1444 1929 fortuna
1459 1899 1507 1929 usi
1527 1903 1609 1929 sunt.
1631 1901 1689 1929 La—

1001 1942 1178 1972 cedaemonii
1200 1943 1230 1971 in
1252 1942 1464 1981 Thermopylis
1491 1943 1528 1971 ab
1554 1942 1703 1975 hostibus

1000 1985 1197 2014 circumventi
1209 1985 1377 2024 perieruut3
1394 1984 1590 2015 Athenienses
1607 1994 1692 2020 vero,

1003 2028 1091 2057 victis
1107 2028 1143 2057 ad
1160 2028 1356 2058 Artemisium
1368 2027 1523 2062 Barbaris,
1535 2027 1586 2057 ubi
1598 2027 1691 2057 Ther-

1001 2071 1137 2110 mopylas
1161 2075 1349 2109 expugnatas
1364 2071 1554 2105 audiverunt,
1569 2070 1691 2099 domum

1001 2114 1117 2143 reversi
1131 2114 1328 2152 omnibusque
1345 2113 1436 2142 sociis
1451 2112 1603 2152 destituti,
1621 2123 1692 2152 pro-

1001 2156 1068 2193 prio
1095 2158 1192 2186 Marte
1217 2157 1392 2185 immensam
1413 2155 1540 2185 hostium
1557 2156 1691 2185 multitu-

999 2199 1100 2228 dinem
1129 2206 1210 2228 terra
1238 2199 1370 2237 marique
1406 2198 1555 2237 repellere
1590 2198 1691 2227 conati

1002 2248 1080 2271 sunt.
1134 2241 1316 2271 Muneribus
1355 2241 1525 2275 Persarum,
1556 2240 1582 2269 si
1611 2240 1691 2270 bello

1001 2284 1190 2319 desisterent,
1217 2275 1371 2323 generosox
1386 2284 1483 2313 animo
1506 2282 1691 2322 -repndiatis,

1003 2338 1057 2356 nec
1083 2328 1211 2362 Graecis,
1234 2336 1251 2356 a
1267 2326 1378 2365 quibus
1401 2326 1529 2365 turpiter
1551 2325 1692 2355 destituti

1002 2375 1098 2405 erant,
1121 2369 1199 2405 irati,
1222 2370 1303 2399 solos
1327 2379 1372 2405 se,
1396 2374 1535 2408 tanquam
1565 2369 1691 2398 Graeciae

1002 2413 1166 2452 principes,
1181 2423 1235 2451 pro
1250 2412 1349 2451 patria
1363 2413 1438 2441 mori
1460 2412 1568 2441 decere
1584 2410 1691 2441 existi-

1002 2463 1128 2490 marunt,
1144 2460 1185 2491 et,
1198 2456 1270 2485 urbe
1287 2455 1423 2484 hostibus
1437 2455 1474 2484 ad
1489 2453 1692 2493 diripiendum

1002 2503 1032 2528 et
1042 2498 1220 2528 diruendum
1237 2498 1354 2535 relicta,
1371 2497 1430 2527 soli
1443 2507 1535 2527 naves
1547 2505 1692 2526 conscen-

1002 2542 1118 2571 derunt.
1163 2541 1261 2570 Victis
1277 2551 1350 2571 vero
1376 2540 1431 2569 hac
1445 2540 1543 2569 classe
1556 2539 1594 2569 ad
1609 2539 1691 2568 ssia-

1001 2584 1109 2613 mincm
1132 2583 1287 2619 Barbaris,
1301 2583 1513 2617 Athenienses,
1531 2581 1583 2621 qui
1601 2581 1692 2620 pluri-

1002 2637 1065 2656 mas
1087 2627 1124 2655 ad
1145 2627 1201 2656 hoc
1216 2626 1355 2666 proelinm
1382 2635 1473 2656 naves
1492 2624 1692 2658 contulerant,

1003 2669 1109 2699 salutis
1122 2670 1293 2699 Graecornin
1310 2675 1447 2698 auctores
1468 2667 1593 2707 putandi
1610 2671 1689 2696 sunt.

1003 2713 1062 2750 Qui
1079 2712 1170 2751 igitur
1195 2712 1224 2741 iu
1251 2711 1460 2751 superioribus
1484 2709 1572 2740 bellis
1595 2709 1690 2738 maxi-

1003 2765 1079 2785 mam
1110 2755 1236 2794 gloriam
1263 2755 1470 2793 deportarunt,
1491 2753 1544 2792 qui
1574 2751 1692 2791 privata

1003 2799 1116 2837 saepius
1131 2807 1186 2837 pro
1201 2797 1349 2827 communi
1365 2796 1460 2825 salute
1471 2795 1604 2835 pericula
1620 2797 1691 2824 sub-

1004 2842 1112 2875 ierunt,
1132 2839 1183 2879 qui
1206 2842 1234 2869 in
1253 2839 1459 2869 communibus
1475 2837 1592 2877 proeliis
1606 2837 1692 2867 forti·

1003 2883 1119 2913 tudinis
1129 2882 1253 2922 prtemis
1264 2885 1453 2920 acceperunt,
1463 2880 1513 2919 qui
1527 2890 1584 2920 pro
1595 2880 1691 2909 salute

1004 2928 1175 2956 Graecorum
1193 2926 1297 2954 urbem
1321 2933 1404 2954 suam
1428 2923 1624 2962 reliquerunt,
1639 2923 1693 2952 de·

1003 2969 1093 3008 nique
1119 2968 1168 3007 qni
1198 2967 1306 3006 priscis
1341 2966 1524 3006 temporibus
1553 2965 1696 3005 plurimas

1005 3014 1094 3041 nrbes
1109 3010 1319 3046 condiderunt,
1334 3018 1444 3048 easque
1460 3008 1600 3039 maximis
1616 3018 1694 3047 pert-
