1924 3314
325 197 404 238 162
877 194 1191 237 PRAEFATIO
1213 217 1221 226 ·

321 323 396 361 qua
411 309 476 347 ubi
492 308 657 347 desierat
667 309 920 361 Thucydides
938 311 1026 348 inde
1041 321 1198 348 exorsus
1214 315 1271 347 est
1288 314 1326 346 et
1343 304 1605 358 septendecim
1624 315 1745 341 anino·-

322 383 402 408 rum
425 369 618 407 historiam
633 371 834 417 enarravit,
856 372 1017 410 Diodor.
1038 371 1115 408 Sic.
1131 370 1248 408 XIII.
1265 371 1330 407 42.
1346 368 1454 406 XIV.
1474 370 1540 405 85.
1555 377 1676 414 usque
1695 364 1744 401 ad

319 430 480 479 Olymp.
512 431 659 469 XCVI.
685 444 720 469 a.
743 436 782 469 2.
812 444 859 469 ex
889 432 962 469 hoc
988 433 1086 470 libro
1111 445 1194 470 esse
1222 436 1432 480 nequeunt,
1471 441 1558 479 quae
1583 425 1744 464 Photius

317 490 606 536 affetu-indicat
632 492 734 530 enim
767 504 864 542 opus
890 493 1000 531 trium
1027 500 1065 531 et
1093 492 1368 543 quinquaginta
1396 490 1579 528 librorum
1606 493 1645 525 et.
1671 485 1746 523 alia

319 549 570 601 inscriptione
590 553 822 604 insignitum.
879 555 1149 604 Intelligendus
1168 554 1284 603 igitur
1300 558 1360 590 est
1377 552 1475 589 liber
1492 548 1745 588 duodecimus

318 622 462 659 eorum,
480 626 579 662 quos
604 614 881 665 Theopompus
901 621 1085 664 praeterea
1108 614 1347 664 conscripsit,
1366 612 1450 662 ejus
1476 611 1618 662 operis,
1635 607 1742 660 quod

317 672 400 722 ipse
415 673 761 724 ἱστορικοὺς-λόγους
780 676 1018 725 inscripsisse
1033 676 1192 722 videtur,
1206 675 1310 726 qnod
1326 687 1417 712 vero
1437 673 1612 717 seriores,
1623 682 1744 722 quum

316 736 511 785 praecipue
530 746 592 774 res
609 736 776 787 Philippi
796 737 834 774 in
854 750 901 775 eo
920 744 1225 789 persequeretur,
1240 735 1453 789 φιλιππικὸν
1471 733 1533 772 vel
1548 735 1744 785 φιλιππυεοὶ

318 795 508 835 dixerunt.
550 799 622 836 Sed
645 806 895 850 praeterquam
916 801 1019 850 quod
1036 800 1083 837 de
1103 812 1259 837 numero
1275 799 1458 836 librorum
1478 796 1639 834 diversae
1660 800 1746 832 sunt

317 860 528 904 sententies,
549 860 606 898 his
634 874 797 911 quoque
813 861 1103 899 difficultatibus
1130 862 1190 899 hic
1217 860 1395 912 impliciti
1420 871 1566 908 sumus,
1584 857 1745 908 primum

317 920 420 970 quod
441 920 477 957 in
495 920 569 959 hoc
588 933 704 972 opere
722 923 1019 972 Theopompum
1040 923 1088 959 ab
1109 922 1347 973 Olympiadis
1365 921 1513 972 quintae
1531 925 1567 957 et
1585 919 1746 958 centesi-

316 991 388 1018 mae
424 995 524 1019 anno
557 983 727 1020 secundo
753 995 931 1021 exorsum
962 996 1045 1021 esse
1077 984 1172 1022 dicit
1206 984 1402 1021 Diodorus
1428 983 1505 1020 Sic.
1540 980 1671 1019 XVII.
1704 985 1745 1019 3.

315 1043 454 1082 deinde
488 1045 593 1096 quod
625 1046 903 1096 Menophanes,
932 1046 1002 1084 cfr.
1033 1047 1160 1085 Photii
1189 1048 1280 1093 loc„
1305 1047 1442 1083 librum
1473 1043 1746 1082 duodecimum

317 1106 472 1156 periisse
491 1107 650 1152 dixerat,
666 1107 769 1158 quo'd
787 1107 1075 1158 Wesselingium
1089 1108 1290 1159 permovit,
1303 1114 1343 1145 ut
1355 1108 1404 1145 ad
1420 1105 1585 1144 Diodor.
1603 1104 1682 1143 Sic.
1695 1104 1746 1142 Τ.

318 1166 351 1204 1.
372 1179 410 1216 p.
436 1170 526 1207 573.
553 1180 590 1204 n.
617 1171 683 1208 37.
708 1167 878 1206 diceret:
908 1169 1030 1219 “Ego
1048 1181 1138 1207 vero
1164 1169 1263 1206 haud
1293 1168 1374 1206 scio
1398 1179 1447 1205 an
1476 1166 1636 1204 Photius
1661 1166 1748 1204 libri

317 1226 432 1264 titulo
457 1227 504 1264 sit
533 1227 730 1278 deceptus.
783 1228 1062 1280 Theopompus
1089 1231 1184 1268 XII.
1207 1230 1337 1267 Graec.
1363 1228 1571 1266 Historicae
1605 1228 1747 1266 librum

316 1287 484 1326 absolvit
505 1288 628 1326 navali
647 1302 773 1338 pugna
793 1289 840 1328 ad
860 1290 1041 1334 Cnidum,
1060 1305 1146 1343 quse
1165 1305 1211 1329 ex
1231 1290 1362 1329 Nostri
1382 1290 1541 1329 calculis
1565 1303 1667 1328 anno
1688 1303 1747 1329 se·

317 1350 445 1387 cundo
463 1349 622 1400 Olymp.
644 1349 785 1388 XCVI.
805 1352 1005 1390 commissa
1026 1360 1095 1392 est.
1127 1353 1224 1396 Quae
1246 1365 1334 1390 vero
1354 1352 1419 1389 illo
1439 1352 1481 1389 L.
1505 1351 1613 1398 XII.,
1630 1357 1745 1402 quem

318 1411 537 1448 patriarcha
555 1412 745 1461 excerpsit
765 1412 865 1450 Cod.
881 1414 1117 1460 CLXXVI„
1134 1414 1440 1459 continebantur,
1461 1413 1590 1451 omnia
1608 1413 1745 1463 Olym-

315 1472 466 1522 piadem
482 1485 565 1510 eam
585 1481 835 1523 exceperunt,
856 1474 968 1512 veluti
989 1488 1047 1513 res
1064 1476 1240 1514 Acoridis
1259 1475 1296 1512 in
1318 1476 1486 1525 AEgypto
1500 1479 1631 1525 gestae,
1647 1474 1746 1511 Eva·

316 1544 419 1583 gorae
438 1533 584 1571 illatum
610 1534 660 1572 ab
686 1536 896 1574 Artaxerxe
917 1536 1070 1582 bellum,
1090 1549 1166 1587 pax
1184 1537 1402 1574 Antalcidoe
1420 1542 1459 1573 et
1487 1542 1611 1574 motus
1638 1535 1744 1584 pacis

318 1596 402 1646 ejus
427 1608 541 1633 causa
561 1608 630 1646 per
650 1597 846 1634 Graeciarn
872 1598 948 1635 orti
974 1605 1013 1635 et
1034 1598 1190 1648 reliqua.
1245 1598 1342 1635 Haec
1363 1597 1615 1635 Callisthenes
1635 1596 1744 1634 libris

317 1658 402 1695 Rer.
426 1657 665 1704 Graecarum,
687 1666 727 1695 ut
748 1661 899 1697 Auctor
911 1666 1080 1698 extremo
1100 1660 1143 1698 L.
1165 1661 1274 1698 XIV.
1297 1658 1497 1710 significat,
1521 1658 1744 1708 complexus

316 1725 410 1764 erat,
430 1730 507 1755 non
525 1718 838 1769 Theopompus.’'
897 1721 1113 1760 nolendum
1133 1728 1190 1760 est
1213 1721 1314 1759 Frid.
1337 1721 1525 1759 Kochium
1545 1719 1744 1770 promissis

314 1778 485 1816 nondum
509 1775 658 1817 stetisse
683 1780 721 1817 in
750 1781 899 1832 Proleg.
921 1783 968 1820 ad
994 1783 1290 1833 Theopompum
1315 1783 1454 1820 Chium
1474 1781 1608 1820 Sedini
1632 1785 1745 1819 1808.

316 1840 428 1885 datis,
450 1852 535 1877 nam
556 1840 622 1877 has
641 1842 799 1892 ἀπορίης
817 1844 964 1880 solvere
979 1843 1112 1889 voluit,
1132 1842 1200 1881 cfr.
1221 1857 1260 1894 p.
1278 1847 1341 1881 51.
1372 1843 1449 1881 Sed
1467 1849 1564 1881 utut
1580 1848 1652 1889 est,
1668 1843 1745 1881 sive

314 1899 566 1939 Callisthenes
580 1901 661 1939 haec
674 1903 883 1954 scripserit,
893 1904 1005 1953 cujus
1019 1905 1198 1943 historica
1213 1907 1352 1943 Graeea
1366 1905 1463 1943 bene
1475 1904 1746 1954 distinguenda

315 1969 403 1999 sunt
423 1962 473 1998 ob
491 1962 669 2000 virtutem
686 1976 705 2000 a
723 1964 875 2015 reliquis
894 1965 976 2014 ejus
989 1966 1153 2016 scriptis,
1173 1967 1250 2004 sive
1271 1967 1351 2016 ipse
1370 1966 1650 2017 Theopompus
1670 1965 1745 2003 for—

316 2023 425 2060 tassis
456 2035 502 2060 ea
535 2024 694 2069 ratione,
721 2037 794 2076 qua
821 2039 843 2063 a
868 2026 968 2064 libro
988 2028 1092 2066 XLI.
1114 2029 1160 2066 ad
1189 2029 1337 2066 XLIII.
1364 2028 1558 2066 historiam
1580 2027 1743 2065 Siculam

312 2083 428 2120 rebus
448 2083 605 2134 Olymp.
627 2084 733 2122 CIX.
755 2087 869 2136 gestis
886 2086 1054 2134 inseruit,
1074 2090 1124 2126 ab
1145 2090 1253 2126 initio
1268 2089 1479 2140 tyrannidis
1499 2089 1745 2140 Dionysiacae

313 2144 380 2180 Ol.
412 2143 563 2181 XCIII.
591 2157 770 2189 exorsum
803 2154 928 2184 tamen
949 2150 998 2187 ab
1025 2156 1182 2188 auctore
1213 2150 1388 2200 profecta
1420 2154 1520 2196 sunt,
1547 2150 1605 2187 illi
1637 2151 1743 2187 aetati

313 2205 472 2254 propius
491 2206 644 2253 viventi,
663 2220 776 2257 quam
802 2209 991 2247 Diodorus
1009 2219 1103 2258 erat,
1122 2217 1159 2250 et
1179 2224 1427 2262 permagnum
1444 2212 1488 2250 iis
1507 2212 1614 2250 nullo
1628 2211 1743 2249 modo

315 2266 457 2316 poterit
477 2267 656 2317 denagari
678 2277 922 2309 momentum.
1021 2312 1025 2316 ,

368 2326 494 2375 Pergit
532 2327 708 2366 Pliotius:
738 2331 809 2368 καὶ
835 2335 1037 2384 περιέχει
1066 2335 1085 2371 ὃ
1113 2333 1360 2376 δωδέκατος
1391 2335 1531 2382 λόγος
1568 2337 1668 2384 περί
1702 2348 1742 2371 τε

312 2387 775 2440 ΠακώρίθςςΑκώριος)
802 2399 878 2430 τοῦ
905 2395 1167 2443 Αἰγυπτίων
1197 2394 1447 2442 βασιλέως,
1475 2399 1531 2439 ὡς
1559 2398 1670 2443 πρός
1700 2404 1744 2434 τε

315 2448 418 2491 Τοῦς
446 2448 703 2498 Βαρκαίους
732 2453 990 2501 ἐσπείσατο,
1029 2458 1098 2493 καὶ
1127 2455 1236 2506 ὑπὲρ
1268 2458 1510 2507 Εὐαγόρου
1546 2456 1743 2507 ἔπραττε

313 2517 390 2549 τοῦ
419 2514 634 2560 Κυπρίου,
663 2513 852 2554 ἐναντία
879 2518 1085 2569 πράττων
1115 2523 1169 2570 τῷ
1198 2519 1550 2574 Ilepu3y(01ymp.
1573 2519 1742 2557 XCVII.

312 2578 469 2610 exeunt.
504 2579 543 2610 et
577 2573 641 2610 Ol.
670 2574 855 2616 XCVIII.
877 2579 958 2627 In.)'
995 2578 1044 2617 ὃν
1081 2595 1125 2617 τε
1153 2582 1317 2629 τρόπον
1345 2579 1601 2630 παράδοξον
1626 2582 1743 2630 (παρὰ

310 2634 439 2681 δόξαν)
479 2636 714 2685 Εὐαγόρας
751 2644 837 2676 τῶν
880 2641 1088 2692 Κυπρίων
1125 2642 1270 2692 ἀρχῆς
1304 2639 1457 2688 ἐπέβη,
1487 2640 1742 2691 Αὒὸἡμωνα

312 2692 456 2744 (Diod
488 2693 766 2746 'Assssv‘movco
807 2706 1052 2754 κατασχὼν
1092 2703 1168 2741 τὸν
1208 2705 1378 2747 Κιτιέα,
1413 2706 1579 2748 ταύτης
1611 2703 1742 2752 ἐπάρ-

311 2768 472 2808 χοντα·
504 2759 586 2793 τίνα
617 2756 652 2794 δέ
681 2762 813 2809 τρόπον
825 2763 1020 2810 “Ελληνες,
1049 2766 1083 2802 οἱ
1114 2764 1180 2802 ο-ὓν
1206 2766 1470 2816 Ἀγαμέμνονι,
1499 2767 1566 2810 τὴν
1594 2765 1742 2813 Κῖιτφον

312 2819 506 2868 λ’·ᾱῖέθχθν,
526 2819 786 2863 ἀπελάσαντες
804 2825 885 2866 τοὺς
900 2828 992 2875 μετὰ
1014 2826 1208 2876 Κιννύρου,
1225 2825 1277 2863 ὦν
1293 2828 1384 2864 siaha
1409 2827 1602 2868 ὑπολιπεῖς
1618 2828 1741 2876 Ἀμα-

310 2877 452 2916 θούσιοι
473 2879 575 2928 (haec
601 2881 758 2918 omnino
779 2894 845 2931 per
863 2886 1101 2937 ἐπανάληψιν
1121 2888 1366 2935 historicam)-
1389 2886 1510 2929 ὅπως
1537 2902 1580 2924 τε
1616 2888 1635 2924 ὁ
1662 2886 1741 2935 βα-

312 2937 472 2988 σιῖλεύς
509 2943 594 2990 (rex
631 2939 849 2992 Persarum)
890 2949 1102 3000 Εὐαγόρᾳ
1139 2947 1415 2994 συνεπείσθη
1454 2951 1730 3000 πολεμῆσαι,
