1924 3314
483 191 547 232 IN
580 188 939 234 ISOCRATEM
974 186 1300 233 DIATRIBAE.
1560 182 1615 223 35

164 321 340 360 Diatribe
369 324 534 373 quarta).
566 324 664 361 Haec
690 322 792 360 enim
822 332 899 357 non
928 314 1402 358 Lacedaemoniis-solum,
1434 310 1500 348 sed
1531 308 1616 346 aliis

161 396 313 434 quoque
335 384 503 430 Graecis,
524 389 639 434 atque
667 383 766 420 adeo
789 380 970 418 omnibus
998 378 1216 416 hominibus
1242 375 1403 414 suadere
1430 370 1537 409 illum
1556 369 1616 406 di-

162 444 295 489 xerim,
311 446 434 482 multo
451 445 587 482 melius
603 457 715 495 quam
731 455 863 480 omnes
878 440 1145 490 philosophos,
1160 440 1224 489 qui
1242 438 1420 474 virtutem
1439 438 1477 470 et
1498 431 1617 468 hone-

162 510 300 542 statem
316 503 428 542 finem
448 508 538 542 vitae
558 505 816 542 constituunt.
855 501 972 545 Quod
995 502 1025 538 si
1048 501 1122 539 hoc
1143 504 1351 538 contentus
1371 492 1525 543 eulogio
1541 503 1616 528 non

161 572 233 611 est,
252 566 382 603 audiat
407 572 445 604 et
466 566 644 611 alterum,
668 565 774 615 quod
803 564 839 601 in
869 563 967 600 lsaeo
994 562 1043 599 de
1065 562 1149 612 ejus
1175 565 1212 598 et
1233 557 1356 609 Lysiae
1379 552 1616 594 orationibus

159 625 398 675 pronuntiat⁴

636 975 981 1017 DIATRIBE
1026 976 1128 1017 VII.

201 1067 270 1109 (1.)
295 1068 343 1097 De
366 1066 519 1096 non‘nullis
544 1066 704 1096 vocabulis
728 1071 759 1097 et
780 1067 925 1107 loquendi
949 1066 1113 1107 generibus
1139 1067 1178 1096 ab
1203 1063 1448 1105 Harpocratione
1470 1065 1501 1091 et
1527 1060 1621 1091 Suida

158 1119 238 1158 apud
256 1119 422 1148 Isocratem
446 1116 630 1148 observans.
674 1117 739 1158 (2.)
762 1118 810 1147 De
833 1118 872 1148 iis
892 1129 959 1157 quae
980 1118 1043 1147 illis
1064 1117 1157 1156 adjici
1174 1126 1267 1156 posse
1285 1115 1436 1145 videntur.
1480 1111 1549 1152 (3.)
1572 1113 1622 1142 De

158 1168 286 1198 artificio
301 1168 383 1207 quod
400 1168 558 1198 Isocrates
575 1167 709 1197 sermoni
728 1179 784 1198 suo
801 1168 951 1204 adhibuit,
967 1168 1201 1208 praesertimque
1218 1167 1256 1197 de
1274 1176 1311 1196 eo
1335 1165 1417 1205 quod
1436 1163 1536 1193 minus
1559 1161 1622 1192 ani-

157 1219 370 1250 madvertitur.

211 1293 282 1344 (1.)
305 1290 626 1342 Harpocrationis
645 1291 814 1330 Lexicon
843 1292 1039 1343 quoddam
1065 1293 1117 1330 ab
1138 1291 1242 1330 Aldo
1264 1289 1444 1328 Manutio
1472 1286 1619 1325 editum

155 1355 249 1392 olim
268 1353 356 1397 fuit,
377 1366 479 1390 anno
500 1363 651 1389 MDHI.
673 1353 736 1390 cui
756 1353 889 1391 titulus
919 1360 975 1391 est
1001 1354 1220 1391 LEXICON
1244 1354 1410 1390 DECEM
1436 1350 1623 1387 ORATO—

159 1426 260 1453 RUM
282 1414 361 1462 (vix
382 1414 482 1451 enim
504 1413 566 1451 hic
587 1420 716 1463 potest
734 1415 898 1465 exprimi
917 1415 972 1453 vis
993 1416 1143 1454 articuli
1163 1423 1249 1462 τῶν,
1268 1413 1436 1466 genitivo
1454 1412 1620 1462 ῥητόρων

157 1476 385 1527 praefixi)‚et
402 1474 644 1512 orationibus
662 1476 939 1514 Demosthenis
950 1477 1055 1515 abeo
1067 1478 1335 1528 subjunctum.
1367 1476 1510 1513 Postea
1526 1483 1619 1508 vero

158 1537 259 1574 idem
281 1550 326 1573 ex
347 1535 484 1573 eodem
506 1536 828 1586 Harpocrationis
849 1537 1011 1583 Lexico‚
1035 1551 1187 1576 necnon
1217 1552 1237 1574 e
1267 1535 1399 1581 Suida,
1426 1530 1623 1581 excerpsit

159 1607 225 1637 aut
246 1598 489 1648 excerpenda
514 1599 661 1636 curavit
686 1599 900 1637 Isocratica
925 1601 1102 1650 quaedam
1130 1600 1347 1638 vocabula:
1385 1604 1500 1647 atque
1530 1591 1621 1630 huic

158 1661 304 1710 eclogae
329 1659 483 1697 titulum
512 1659 620 1705 fecit,
649 1659 1108 1700 ΑΡΠΟΚΡΑΤῘΩΝΟΣ
1137 1661 1235 1699 ΚΑΙ
1265 1658 1461 1698 ΣΟΥΙΔΑ
1489 1653 1620 1692 ΠΕΡΙ

158 1720 326 1758 ΤΙΝΩΝ
361 1719 483 1756 ΠΑΡ’
512 1719 805 1756 ΙΣΟΚΡΑΤΕΙ
835 1719 1063 1759 ΛΕΞΕΩΝ.
1094 1734 1256 1771 eamque
1283 1720 1406 1770 ipsius
1438 1713 1622 1754 Isocratis

159 1781 402 1819 orationibus
433 1793 454 1817 a
483 1792 522 1817 se
555 1779 708 1817 excusis
738 1779 965 1827 subjunxit:
1007 1795 1123 1832 quum
1158 1780 1303 1830 alioqui
1333 1778 1466 1817 titulus
1501 1773 1621 1813 fronti

158 1842 248 1880 libri
263 1841 365 1879 illius
383 1840 579 1890 praefixus,
596 1840 962 1890 Harpocrationem‚
980 1854 1057 1879 non
1077 1842 1243 1892 aliquam
1262 1846 1408 1878 tantum
1429 1836 1514 1886 ejus
1535 1847 1622 1885 par-

159 1910 235 1942 tem
257 1902 518 1954 polliceretur.
576 1902 661 1951 Ego
689 1914 794 1948 vero,
821 1915 938 1952 quum
970 1908 1054 1940 toto
1081 1902 1403 1952 Harpocrationis
1429 1898 1573 1936 Lexico
1600 1908 1622 1932 a

160 1965 289 2003 multis
311 1964 394 2012 jam
423 1963 531 2001 annis
560 1969 710 2002 attente
739 1963 987 2001 considerato
1012 1963 1387 2006 animadvertissem,
1411 1973 1497 1998 eum
1530 1970 1620 2008 quae

160 2026 271 2064 titulo
299 2025 355 2062 sui
388 2024 477 2062 libri
510 2025 753 2074 promiserat,
780 2023 947 2062 fideliter
973 2025 1212 2074 praestitisse,
1247 2037 1292 2061 ac
1321 2036 1388 2060 eos
1410 2021 1523 2059 etiam
1554 2017 1619 2068 qui

159 2085 304 2136 alioqui
320 2085 513 2122 inGraeca
529 2085 659 2134 lingua
680 2097 756 2121 non
777 2097 911 2134 parum
933 2085 1135 2123 exercitati
1151 2092 1294 2132 essent,
1311 2082 1449 2134 partim
1466 2083 1620 2128 ἀγνοεῖν

159 2146 340 2186 nonnulla
369 2159 456 2196 quae
485 2146 535 2183 ab
565 2145 632 2182 illo
662 2145 910 2192 docerentur,
938 2146 1076 2196 partim
1107 2148 1330 2197 ἀμφιγνοεῖν
1363 2142 1542 2193 quaedam
1570 2140 1619 2177 de

159 2208 299 2260 quibus
325 2219 477 2244 omnem
499 2206 592 2256 ipsis
614 2206 845 2250 auctoritate
869 2219 937 2244 sua
961 2210 1092 2257 (quam
1118 2207 1219 2244 haud
1252 2217 1407 2256 parvam
1428 2202 1622 2247 existimo)

159 2268 438 2308 dubitationem
460 2267 640 2310 tolleret;
672 2273 709 2304 et
731 2266 870 2304 scirem
899 2267 1024 2318 ipsum
1048 2280 1136 2305 cum
1157 2281 1204 2304 ex
1224 2267 1388 2304 aliorum
1407 2264 1620 2301 multorum

157 2332 344 2389 librorum
372 2342 418 2366 ac
452 2329 685 2374 libellorum,
714 2335 796 2365 tum
823 2341 912 2365 vero
948 2341 996 2365 ex
1036 2328 1148 2379 hujus
1178 2328 1366 2372 editione,
1402 2324 1563 2375 gratiam
1599 2336 1619 2360 a

159 2394 315 2431 Graecae
330 2391 473 2440 linguae
495 2389 676 2427 studiosis
696 2388 849 2427 iniisse:
883 2395 1030 2427 tantum
1050 2389 1162 2428 abest
1177 2396 1218 2427 ut
1238 2389 1342 2440 quod
1363 2387 1427 2424 ille
1443 2387 1535 2436 ipsis
1551 2397 1620 2422 sua

159 2453 328 2492 editione
345 2450 519 2496 dederat,
535 2463 618 2488 mea
635 2450 828 2500 denegare
843 2451 1044 2495 voluerim,
1061 2458 1102 2488 ut
1123 2458 1258 2489 contra
1276 2464 1360 2488 meo
1376 2454 1619 2499 paternoque

160 2513 272 2552 simul
305 2524 425 2559 more,
452 2511 491 2548 id
519 2511 591 2548 illis
626 2514 757 2563 πολλῷ
786 2515 835 2563 τῷ
861 2513 979 2562 μέτρῳ
1005 2518 1045 2550 et
1071 2513 1184 2551 λώϊον
1211 2512 1373 2550 reddere
1404 2508 1618 2548 statuerim.

158 2573 369 2619 Quomodo
390 2579 516 2609 autem
540 2571 579 2608 id
597 2572 791 2610 effecerim
811 2572 904 2623 quid
925 2575 1066 2611 attinet
1086 2574 1148 2612 hic
1165 2585 1479 2617 commemorare,
1499 2582 1617 2621 quum

159 2635 283 2674 oculis
313 2633 387 2672 tuis
416 2633 485 2670 sim
512 2632 790 2680 subjecturus?
819 2632 931 2671 Prius
957 2639 1083 2672 tamen
1111 2648 1225 2685 quam
1254 2635 1292 2672 id
1321 2633 1475 2677 faciam,
1502 2630 1552 2668 de
1572 2642 1619 2667 eo

159 2696 264 2748 quod
299 2696 586 2745 Harpocration
617 2700 655 2731 et
687 2693 825 2732 Suidas
852 2694 923 2732 hac
950 2695 987 2732 in
1017 2701 1125 2745 parte
1153 2696 1432 2747 praestiterunt,
1462 2690 1619 2744 praefari

159 2757 336 2810 quaedam
363 2756 472 2793 libet.
528 2754 586 2791 Te
617 2755 734 2804 igitur
768 2755 940 2794 nescium
969 2769 1051 2795 esse
1085 2758 1187 2805 nolo,
1219 2771 1298 2804 eos,
1327 2754 1619 2808 praesertimque

160 2815 524 2868 Harpocrationem,
543 2827 586 2852 ea
608 2827 695 2865 quae
717 2815 880 2853 Isocrati
902 2817 960 2854 vel
981 2818 1191 2867 peculiaria
1213 2819 1272 2856 vel
1301 2831 1387 2856 cum
1409 2816 1493 2854 aliis
1515 2826 1618 2852 com-

161 2878 288 2918 munia
303 2877 440 2928 paucis
455 2883 600 2921 essent,
618 2877 654 2913 in
673 2876 729 2913 his
744 2876 879 2926 paucis
894 2891 981 2928 quae
997 2892 1043 2917 ex
1058 2880 1123 2917 illo
1139 2888 1334 2930 excerptae
1351 2885 1440 2916 sunt
1458 2875 1622 2927 paginis,

165 2954 241 2980 non
270 2952 490 2992 proponere
511 2938 648 2984 solum,
666 2937 733 2976 sed
753 2938 868 2976 etiam
885 2953 1094 2990 exponere.
1120 2941 1277 2979 Alicubi
1305 2940 1418 2989 igitur
1440 2936 1634 2975 Isocratis,
