1924 3314
251 194 355 248 126
731 201 1224 247 ΙΣΟΚΡΑΤΟὙΣ

243 314 545 407 μὲν,1ἣνὲπι
569 314 631 383 τῴ
653 339 720 368 σοι
747 317 901 386 συμέᾗ
929 340 1013 368 των
1035 314 1212 379 φαύλων
1228 319 1430 409 χαίρειν,
1459 314 1701 369 ἓνδεικνυσο

245 389 288 442 δὲ
309 413 405 457 περι
425 387 488 440 τοὶ
513 413 722 458 μεγιστα
741 388 1018 479 σπουδάζων.
1061 389 1143 450 Mn*
1164 413 1265 449 τους
1282 390 1361 460 μὲν
1379 389 1561 449 ἀλλους
1569 388 1700 456 aiilon

246 462 443 533 κοσμίως
475 461 568 535 ζῇν,
597 487 698 522 τους
731 462 773 516 δε
801 462 1021 522 ἔασιλεοις
1047 462 1283 523 οἷτοέκτως·
1313 465 1445 516 οἷλλοὶ
1477 463 1557 526 τὴν
1582 487 1698 516 σοιυ-

247 561 323 589 του
352 538 619 630 σωφροσύνην
642 535 951 629 παράδειγμα
978 547 1067 596 τοῖς
1091 535 1251 598 ἄλλοις
1277 538 1516 631 καθίστηῖ
1530 562 1696 604 ’γιγνω-

246 634 364 662 σκων
390 610 459 662 ’σ’τι
488 636 541 663 το
562 636 638 674 της
663 611 832 670 πόλεως
855 609 957 673 ολης
980 611 1137 673 ’ἦθος
1116 636 1341 682 ομοιουτοιι
1370 623 1461 671 τοῖς
1483 610 1694 704 οἶςχουσι.

248 693 432 754 Σημεῒον
460 707 576 737 εστω
597 708 664 737 σοι
693 688 772 738 τοῧ
798 699 951 745 καλως
976 685 1290 749 βασιλεύειν,’
1275 685 1348 739 εοὶν
1376 709 1475 745 τους
1497 684 1741 761 demque-b

247 782 339 817 νους
362 758 462 851 ορᾷς
471 782 798 845 ευπορωτερους
823 784 901 812 κοιι
934 761 1299 834 σωφρονεστέρους
1323 762 1599 830 γιγνομένους
1625 758 1697 812 διαὶ

247 831 323 895 τῆν
358 856 438 894 σην
467 831 745 903 ἔπιμελειαν.
797 832 900 927 Περι
933 835 1132 894 πλειονος
1169 837 1294 887 ποιοῦ
1332 832 1461 901 δοξαν
1499 833 1644 896 κοιλῆν
1671 835 1700 896 ἦ

247 921 440 959 πλουτου
464 931 612 976 μεγαν
643 933 734 967 τοις
758 907 896 961 παισὶ
924 918 1214 961 καταλιπεῖν·
1245 933 1265 960 ο
1299 934 1377 979 μεν
1402 908 1493 982 ’γοῖξο
1519 907 1698 971 θνητος,

246 982 271 1042 ἦ
299 979 341 1033 δὲ
361 980 602 1068 οἷθοὲνατος,
625 1006 702 1034 noca
690 981 822 1052 δόξαν
841 1007 919 1052 μεν
945 983 1171 1054 χρήματα
1196 982 1368 1045 κτητοὶ,
1391 981 1499 1047 δόξα
1524 980 1565 1034 δὲ
1585 1006 1698 1057 χρη-

244 1079 400 1125 ματ-ων
427 1054 504 1107 οὐκ
531 1055 687 1119 ωνητῆ,
716 1081 811 1108 και
823 1056 886 1108 τοὶ
905 1081 984 1125 μεν
1011 1081 1090 1108 κοιι
1126 1056 1376 1120 ἳφαύλοιςο
1386 1056 1519 1109 ἐνίοτε
1547 1080 1698 1124 παρα-

246 1152 479 1195 γιγνετοιι,
507 1128 583 1190 τὴν
611 1127 652 1181 δὲ
674 1153 762 1196 ουχ
782 1128 861 1180 οἱον
881 1153 930 1181 τε
956 1130 1066 1181 οἷλλ
1091 1130 1117 1190 ἢ
1144 1154 1245 1189 τους
1261 1128 1563 1197 ὃιενεςνκοντοις
1588 1130 1699 1192 κτή-

246 1204 448 1255 σασθαι.
490 1201 653 1270 Τρύφοι
671 1202 750 1274 μὲν
776 1203 845 1255 4ἒν
866 1213 967 1263 ταῖς
987 1203 1136 1265 ἐσθῆσι
1158 1205 1237 1256 καὶ
1259 1214 1348 1264 τοῖς
1368 1204 1468 1280 περὶ
1491 1204 1545 1257 τό
1566 1206 1702 1276 σῶμα,

247 1310 255 1329 ¹
279 1310 327 1341 ἐὰν
343 1313 379 1341 Α.
396 1311 432 1341 C.
450 1311 487 1341 L.
582 1312 595 1331 ²
616 1310 676 1344 τοῖς
689 1310 805 1349 φαύλοις
821 1310 857 1340 Α.
875 1310 909 1340 C.
928 1310 964 1340 L.
1066 1309 1079 1328 ³
1101 1307 1183 1339 ἐνίοτε
1199 1319 1258 1340 om.
1275 1311 1312 1340 A.
1331 1310 1366 1340 L.

1463 1308 1476 1327 ⁴
1499 1308 1525 1339 ἐν
1540 1319 1599 1340 om.
1617 1310 1655 1341 A.
1671 1311 1707 1340 1..

247 1406 274 1424 c.
293 1397 346 1424 40.
360 1394 547 1433 “praecipua
566 1404 666 1423 rerum
689 1394 725 1423 ad
751 1394 857 1423 famam
883 1393 958 1423 diri¹

249 1437 348 1477 genda
364 1436 466 1466 sunt.”
488 1437 591 1467 FAcc.

291 1479 478 1520 Παράδειγμα.
503 1481 563 1514 τοῖς
588 1479 702 1519 ἄλλοις]
729 1479 863 1509 Eandem
890 1489 956 1508 sen-

249 1523 373 1553 tentiam
391 1524 546 1552 Isocrates
562 1523 718 1561 expressit
731 1521 761 1550 in
775 1526 851 1551 orat.
864 1524 958 1550 Areo—

249 1566 396 1605 pagitica,
411 1566 464 1595 ubi
486 1565 622 1604 loquitur
643 1565 681 1594 de
705 1565 816 1594 Solone
840 1569 871 1593 et
896 1565 957 1593 Cli-

250 1609 368 1638 sthene.
414 1609 450 1637 In
481 1610 590 1637 bonum
622 1607 792 1646 exemplum
823 1607 958 1636 Velleius

250 1651 272 1681 1.
296 1652 340 1681 11.
363 1662 391 1681 c.
414 1650 487 1682 ¹126.
511 1651 656 1680 “Facere
675 1655 758 1679 recte
783 1650 868 1678 cives
887 1659 959 1678 sws

251 1694 402 1733 Princeps
420 1694 555 1732 optimus
574 1692 710 1721 faciendo
732 1693 834 1727 docet,
851 1702 958 1731 quum-

250 1747 310 1775 que
327 1737 368 1766 sit
382 1736 511 1775 imperio
526 1735 688 1769 maximus,
703 1735 846 1773 exemplo
861 1736 931 1773 maj
934 1745 958 1764 n·

251 1779 331 1808 est.''
383 1780 419 1808 In
442 1780 553 1807 malum
580 1778 691 1807 Cicero
713 1779 750 1807 de
775 1778 835 1816 leg.
851 1778 872 1807 l.
890 1778 958 1807 III.

250 1832 277 1851 c.
289 1825 341 1852 14.
387 1821 528 1850 “Vitiosi
544 1821 696 1860 principes
711 1820 786 1850 vitia
798 1820 959 1850 infundunt

251 1865 280 1894 in
302 1865 478 1901 civitatem3
502 1874 599 1903 neque
621 1864 717 1892 solum
738 1865 860 1898 obsunt,
877 1863 958 1901 quod

251 1907 314 1946 ipsi
339 1913 585 1946 corrumpuntur,
603 1907 656 1936 sed
679 1910 769 1935 etam
793 1906 874 1944 quod
892 1916 960 1935 cor-

251 1955 408 1989 rumpunt,
421 1951 549 1990 plusque
564 1950 716 1987 exemplo,
727 1959 815 1988 quam
833 1954 960 1987 peccato

253 1993 395 2023 nocent.’'
442 1993 629 2022 Plutarchus
649 1993 680 2022 in
705 1993 902 2030 Syntagmate
923 1990 960 2020 ad

254 2030 962 2075 Princip.imper.comparateum,quiimperat,

253 2079 379 2118 regulae',
394 2089 472 2117 quae,
484 2079 541 2108 nisi
557 2083 641 2108 recta
655 2078 705 2111 sit,
722 2088 779 2106 non
797 2082 899 2116 potest
915 2088 962 2111 ea,

254 2123 364 2160 quibus
388 2122 571 2161 applicatur,
593 2126 678 2150 recta
698 2121 811 2150 facere.
864 2121 961 2150 Porro

254 2166 293 2194 de
309 2165 360 2201 iis,
377 2175 443 2203 quae
461 2165 610 2203 Princeps
626 2165 725 2193 facere
745 2164 847 2198 debet,
865 2170 897 2192 ut
918 2163 961 2192 ci-

255 2207 345 2237 vibus
363 2208 426 2236 suis
442 2209 477 2237 ad
500 2208 640 2236 virtutem
661 2207 804 2246 exemplo
823 2207 873 2242 sit,
892 2206 962 2236 vide

256 2251 492 2288 Xenophontem
511 2250 540 2279 in
560 2251 632 2290 Cyri
652 2249 757 2279 Paedia
772 2251 827 2280 sub
845 2249 960 2278 initium

255 2293 308 2322 lib.
324 2293 422 2323 VIII.
452 2294 557 2323 IDEM.
603 2293 714 2323 Cicero
736 2293 808 2322 alibi
829 2303 868 2322 ex
892 2292 963 2322 Pla-

254 2336 335 2366 tonis
352 2337 372 2365 l.
391 2337 446 2365 lv.
461 2336 497 2365 do
514 2336 633 2374 legibus
650 2337 706 2366 lioc
722 2336 837 2366 dietum
852 2336 962 2365 refert:

252 2378 394 2418 “quales
419 2378 448 2408 iu
476 2379 632 2417 republica
656 2379 818 2418 Principes
844 2384 963 2414 essent,

254 2423 331 2452 tales
355 2421 489 2460 reliquos
512 2423 610 2451 solere
632 2432 701 2452 esse
729 2421 847 2452 cives.'’
867 2422 962 2451 famil.

254 2465 274 2493 Ι.
296 2464 322 2494 Ι.
345 2475 393 2503 ep.
420 2466 449 2494 9.
508 2465 693 2494 Confirmant
722 2465 803 2495 idern
835 2465 960 2495 Livius:

254 2507 346 2546 “ipsi
371 2518 402 2536 se
426 2507 562 2537 homines
586 2509 615 2537 in
642 2507 751 2545 Regis,
773 2509 857 2538 velut
879 2507 962 2537 unici

254 2551 402 2589 exempli,
429 2561 528 2580 mores
558 2551 716 2580 formante*
742 2551 763 2580 l.
794 2551 819 2581 Ι.
849 2562 877 2581 c.
909 2553 961 2581 21.

254 2593 395 2622 Plinius:
412 2597 440 2618 -“
454 2598 485 2623 ut
509 2593 537 2623 in
560 2593 752 2632 corporibus,
776 2594 820 2623 sic
853 2595 884 2623 in
905 2594 960 2623 im-

253 2637 340 2675 perio
357 2636 556 2673 gravissimus
579 2641 625 2665 est
645 2637 782 2670 morbus,
797 2637 850 2675 qui
872 2647 890 2666 a
911 2647 961 2666 ca-

253 2678 317 2718 pite
329 2679 541 2709 diffunditur.’'
553 2679 637 2709 1.1v.
646 2689 694 2717 ep.
705 2683 756 2711 ⁰2⁹2.
765 2680 962 2710 Claudianus:

252 2722 479 2760 “componitur
502 2722 585 2751 orbis
604 2722 700 2761 Regis
720 2723 756 2751 ad
774 2723 962 2762 exemplum,

252 2775 307 2794 nec
323 2764 367 2794 sic
383 2765 536 2794 inflectere
552 2775 660 2794 sensns
678 2765 836 2795 Humanos
860 2766 961 2795 edicta

252 2807 365 2843 valent,
380 2813 413 2837 nt
437 2808 499 2837 vita
523 2806 690 2847 regentis.’'
709 2809 747 2837 de
770 2809 828 2837 IV.
843 2810 960 2838 consul.

250 2850 370 2880 Honor.
389 2862 418 2880 v.
432 2853 507 2881 299.
552 2850 694 2880 Valerius
711 2850 880 2886 Maximus,
896 2852 961 2891 qui,

248 2894 321 2923 dum
361 2892 573 2928 Ptolomaeum,
603 2893 822 2932 AEgyptiorum
857 2905 958 2932 regem

248 2936 379 2966 luxuriae
402 2947 435 2966 se
452 2936 618 2966 tradidisse
639 2942 795 2971 memorat,
813 2942 874 2966 tum
892 2947 960 2976 per-

246 2979 302 3017 git,
327 2980 444 3017 “regib
466 2990 567 3010 mores
599 2989 716 3009 omnem
748 2984 882 3009 secutam
914 2991 977 3010 re-·

243 3022 346 3059 giam.
372 3034 425 3053 nec
452 3023 566 3053 amicos
590 3028 702 3053 tantum
726 3023 959 3061 praefectosquo,

992 1403 1095 1423 verum
1113 1393 1203 1422 etiam
1220 1403 1339 1422 omnem
1354 1392 1536 1428 exercitum,
1550 1393 1702 1432 depositis

990 1435 1108 1466 militiae
1126 1435 1251 1471 studiis,
1266 1435 1329 1465 otio
1351 1446 1386 1465 ac
1401 1436 1522 1465 desidia
1543 1441 1702 1475 corruptos

991 1478 1121 1508 suissef'
1138 1479 1159 1508 l.
1177 1474 1294 1508 ΧΧΧ.
1309 1489 1335 1508 e.
1354 1478 1374 1508 i.
1397 1479 1521 1508 chx.

1036 1523 1130 1561 Σημει
1129 1534 1153 1551 ον
1174 1519 1253 1550 ἐ’στω
1269 1531 1298 1550 κ.
1315 1533 1345 1550 τ.
1361 1521 1409 1560 λ.]
1435 1521 1544 1550 Cicero
1565 1522 1602 1550 ad
1622 1522 1704 1552 Atti-

994 1574 1062 1593 cum
1084 1565 1105 1593 l.
1122 1565 1217 1593 VIII.
1235 1574 1283 1602 ep.
1303 1567 1356 1593 11.
1397 1563 1621 1594 “Moderatori
1645 1565 1704 1594 rei-

995 1607 1126 1645 publieae
1142 1608 1231 1636 beata
1246 1606 1358 1636 civium
1377 1605 1441 1636 vita
1463 1606 1623 1645 proposita
1644 1612 1704 1643 est,

994 1655 1028 1678 ut
1051 1649 1162 1688 opibus
1191 1649 1286 1685 firma,
1307 1649 1406 1688 copiis
1431 1649 1582 1688 locuples,
1606 1650 1704 1688 gloria

994 1693 1105 1731 ampla,
1117 1693 1230 1722 virtute
1245 1692 1372 1722 honesta
1384 1692 1445 1722 sit!
1493 1693 1534 1721 Et
1547 1692 1703 1722 Maecenas

993 1736 1083 1787 apud
1098 1735 1268 1765 Dioneml.
1286 1735 1357 1764 LII.
1373 1745 1403 1774 p.
1417 1736 1490 1765 481.
1511 1734 1563 1764 Τὸν
1563 1734 1703 1785 ἄρχοντα.

994 1777 1041 1807 τὶν
1067 1778 1180 1817 ἄριστον
1206 1777 1234 1806 οὐ
1265 1777 1308 1807 δεῖ
1333 1779 1376 1816 μὴ
1397 1777 1477 1816 μόνον
1503 1776 1586 1807 αὐτὸν
1613 1777 1705 1808 πάνθ’

995 1820 1014 1848 ἃ
1045 1821 1177 1860 προσ-ηκει
1208 1830 1279 1849 ποιει
1283 1831 1306 1855 ν,
1335 1821 1417 1850 ἀλλὰ
1449 1831 1497 1849 και
1519 1822 1574 1850 τῶν
1608 1820 1705 1853 ἄλλων

994 1861 1068 1898 ὅπως
1094 1864 1129 1897 ὡς
1150 1862 1193 1893 δ’τι
1216 1862 1368 1896 βέλτιστοι
1393 1862 1551 1902 γίγνωνται,
1575 1864 1702 1903 προνοεῖν.

996 1906 1098 1936 FAcc.

1038 1949 1101 1988 Περὶ
1117 1947 1245 1982 «πλείονος
1263 1948 1340 1978 ποιοῦ
1361 1960 1389 1978 κ.
1407 1959 1438 1978 τ.
1454 1948 1499 1988 λ.]
1525 1950 1639 1978 Auctor
1654 1959 1704 1988 ep.

995 1994 1026 2022 2.
1045 1993 1082 2021 ad
1105 1992 1186 2021 Caes.
1202 1992 1241 2021 de
1264 1991 1363 2021 ordin.
1384 2002 1449 2030 rep.
1474 2002 1502 2021 c.
1522 1993 1555 2020 ¹7.
1579 1993 1704 2031 “Saepe

991 2036 1053 2073 jam
1079 2035 1195 2069 audivi,
1217 2034 1269 2074 qui
1294 2044 1395 2073 reges,
1416 2044 1486 2073 quae
1509 2034 1651 2064 civitates
1675 2041 1707 2065 et

996 2077 1136 2107 nationes
1163 2087 1217 2116 per
1241 2077 1428 2116 opulentiam
1450 2087 1558 2117 magna
1578 2077 1707 2117 imperia

996 2120 1164 2155 amiserint,
1180 2130 1247 2159 quae
1263 2130 1321 2160 per
1337 2120 1477 2150 virtutem
1494 2120 1600 2158 inopes
1616 2131 1706 2160 cepe-

996 2163 1087 2193 rint.'’
1118 2164 1221 2193 FAcc.
1265 2163 1409 2193 Valerius
1436 2163 1630 2193 Maximusl.
1649 2164 1706 2193 lv.

997 2218 1024 2236 c.
1040 2208 1071 2237 3.
1117 2211 1137 2224 “
1151 2207 1196 2235 Ea
1210 2206 1334 2241 civitas,
1350 2205 1381 2236 id
1397 2216 1524 2244 regnum
1539 2211 1654 2236 aeterno
1675 2207 1704 2236 in

997 2250 1092 2286 gradu
1109 2249 1196 2279 facile
1211 2249 1341 2284 steterit,
1353 2249 1405 2278 ubi
1421 2248 1576 2278 minimum
1593 2249 1704 2279 virium

997 2292 1128 2322 Veneris
1144 2292 1346 2332 pecuniaeque
1363 2292 1476 2332 cupido
1493 2291 1551 2322 sibi
1569 2291 1706 2322 vindica·

999 2334 1109 2365 verit.’'
1130 2336 1254 2366 Fnrcn.

1041 2378 1131 2420 Δόξῃ]
1157 2379 1299 2408 Stobaeus
1327 2387 1360 2416 p.
1384 2379 1459 2408 328.
1479 2376 1565 2416 δόξης.
1589 2378 1705 2408 Melius

996 2422 1100 2451 credo.
1147 2422 1187 2451 Et
1200 2432 1270 2451 mox
1286 2425 1355 2459 post
1369 2420 1487 2461 φαύλοις
1499 2421 1577 2451 Cod.
1590 2421 1705 2461 Auger.

996 2475 1053 2495 non
1070 2465 1147 2494 male
1163 2465 1249 2494 addit
1262 2463 1356 2493 ἐνίοτε.
1379 2465 1491 2494 LANG-

1037 2507 1138 2547 Τξύφα.
1159 2507 1215 2546 μὲν
1236 2508 1304 2541 ταῖς
1326 2506 1448 2547 ἐσθῆσι]
1473 2507 1584 2545 Cyrus,
1603 2511 1637 2536 ut
1659 2512 1708 2537 est.

994 2552 1074 2591 apud
1090 2551 1328 2589 Xenophontem
1350 2550 1381 2579 in
1396 2551 1511 2589 Gyrop.
1526 2550 1547 2579 Ι.
1564 2549 1659 2579 VIII.
1678 2553 1707 2579 1.

995 2597 1048 2624 40.
1072 2598 1135 2623 tum
1162 2594 1229 2632 ipse
1262 2603 1399 2633 magnam
1421 2592 1516 2622 vestis
1549 2592 1706 2631 totiusque

995 2637 1137 2676 corporis
1154 2642 1278 2667 ornatus
1302 2646 1404 2666 curam
1425 2635 1626 2674 suscipiebat,
1642 2641 1705 2665 tum

996 2691 1049 2710 eos
1083 2690 1203 2718 quoque
1241 2679 1398 2719 suscipere
1432 2679 1566 2714 volebat,
1593 2677 1706 2718 quibus

995 2723 1192 2763 magistratus
1202 2723 1369 2753 mandaret.
1399 2721 1512 2750 Contra
1526 2721 1634 2751 Livius
1648 2721 1706 2751 sub

996 2766 1063 2796 init.
1086 2766 1106 2794 l.
1129 2766 1230 2796 XXI.
1246 2766 1351 2795 laudat
1373 2764 1565 2799 Annibalem,
1586 2767 1608 2781 “
1622 2765 1706 2803 quod

997 2809 1128 2839 vestitus
1154 2810 1220 2847 ejus
1246 2808 1321 2838 nihil
1347 2807 1426 2837 inter
1446 2807 1579 2846 aequales
1603 2808 1706 2837 excel-

995 2850 1105 2882 leret.'’
1148 2852 1207 2881 Sed
1220 2856 1292 2881 tunc
1302 2850 1423 2890 quidem
1436 2849 1562 2879 Annibal
1575 2850 1725 2880 nondum.

996 2900 1059 2925 erat
1081 2904 1148 2924 eum
1172 2894 1313 2934 imperio.
1365 2893 1529 2928 Caeterum,
1546 2897 1578 2922 ut
1601 2893 1708 2923 scribit

996 2938 1117 2968 Plinius
1135 2938 1155 2966 l.
1169 2937 1226 2966 VI.
1238 2947 1287 2976 ep.
1300 2938 1352 2967 31.
1371 2939 1393 2953 “
1407 2936 1498 2965 Veste
1515 2940 1546 2966 et
1560 2935 1706 2966 comitatu

996 2991 1053 3009 non
1081 2979 1205 3020 quidem
1237 2982 1364 3018 augetur
1395 2978 1548 3017 dignitas;
1585 2984 1708 3010 ornatur

998 3028 1097 3053 tamen
1116 3027 1147 3052 ct
1165 3021 1355 3052 instruitur.”
1379 3022 1482 3052 Fut·-
