1924 3314
475 200 540 241 IN
573 195 932 241 ISOCRATEM
967 195 1295 239 DIATRIBAE.
1547 194 1603 236 45

139 313 319 352 isocratis
345 314 470 361 loeus,
490 314 569 352 sive
591 312 872 363 Apolloniatae,
893 311 974 349 sive
999 311 1096 349 alius
1117 313 1178 360 (ut
1203 317 1318 350 antea
1338 311 1603 362 dictum-fuit)

138 376 205 427 qui
227 382 401 427 tempore
424 376 606 428 Dionysii
629 373 917 414 Halicarnassei
939 373 1046 421 vixit,
1066 374 1114 412 ad
1137 373 1449 425 amplectendam
1470 380 1604 425 poste-

138 438 275 476 riorem
306 438 407 476 hanc
435 438 625 487 ἐξήγησιν,
645 435 884 488 rejicendam
915 435 1084 486 priorem
1104 436 1227 486 (quod
1252 450 1350 487 pace
1378 437 1604 488 Harpocra-

139 499 270 545 tionis,
292 500 417 550 magni
438 500 586 550 alioqui
611 499 693 544 viri,
715 499 863 536 dictum
885 498 949 548 sit)
970 498 1207 548 compellere
1226 511 1298 536 nos
1318 498 1485 537 videtur.
1543 498 1607 537 Ibi

139 561 241 600 enim
273 562 327 600 ita
356 575 442 600 eum
473 567 623 599 monet:
653 559 943 611 Jusjurandum
972 565 1150 611 epactam
1178 559 1358 606 admitte,
1382 560 1532 599 duabus
1561 560 1607 599 de

139 625 267 663 causis
283 639 295 663 .-
325 623 386 661 vel
403 628 449 661 ut
469 624 632 674 teipsum
652 623 764 673 turpi
778 623 940 661 crimine
962 621 1111 668 liberes,
1131 621 1190 659 vel
1208 627 1253 659 ut
1267 622 1411 661 amicos
1429 635 1446 659 e
1456 623 1609 673 pericu-

140 685 189 724 lis
209 687 390 737 eripias.⁴
425 686 526 723 Nam
552 686 617 723 hic
641 685 927 723 observandum
949 691 1008 722 est
1027 684 1108 722 dici
1132 684 1355 737 προσδέχου,
1376 684 1415 722 id
1443 691 1516 730 est,
1536 684 1607 724 ad-

140 748 274 785 mitte:
304 747 414 798 atqui
439 746 638 798 quomodo
666 748 754 796 quis
776 745 1055 796 jusjurandum
1077 753 1350 796 spontaneum,
1372 760 1447 784 non
1475 753 1608 785 autem

142 809 198 847 ab
214 809 290 847 alio
306 809 490 852 delatum,
513 808 719 844 admittere
739 806 966 844 diceretur?
1008 807 1108 843 Illud
1131 820 1223 844 vero
1243 807 1302 844 διὰ
1323 807 1385 845 δύο
1405 809 1608 860 προφάσεις

143 871 308 909 libenter
336 870 448 907 aliter
474 869 764 918 interpretarer,
788 881 904 917 quam
936 867 1089 905 duabus
1117 866 1163 905 de
1191 868 1341 906 causis.-
1373 882 1492 919 quum
1524 871 1609 909 haec

142 930 259 968 verba
281 929 543 980 respondeant
566 929 698 979 potius
720 929 876 967 Graecis
897 928 995 975 istis,
1016 927 1076 966 διὰ
1094 928 1156 966 δύο
1177 929 1329 972 alr-lac:
1359 937 1399 968 et
1414 944 1502 981 quae
1522 933 1612 970 sub-

135 992 356 1043 junguntur
379 991 454 1029 illis
481 990 610 1029 verbis
637 990 696 1028 διὰ
723 990 785 1028 δύο
811 992 1031 1043 προφάσεις,
1053 1003 1129 1028 non
1156 997 1232 1028 tam
1263 991 1339 1029 sint
1368 991 1457 1031 duae
1481 1006 1611 1032 causae

142 1061 305 1106 propter
325 1053 712 1105 quasjusjurandum
733 1053 887 1092 admitti
909 1053 1042 1100 debet,
1059 1066 1176 1103 quam
1197 1053 1286 1092 duae
1303 1067 1362 1092 res
1383 1068 1471 1105 quae
1491 1070 1613 1107 quum

143 1116 345 1163 accidunt,
362 1129 442 1167 prae
457 1116 545 1154 aliis
565 1115 614 1153 ad
628 1114 909 1165 jusjurandum
928 1115 1215 1154 admittendum
1234 1116 1434 1168 impellere
1451 1118 1610 1158 debent.

145 1178 191 1216 In
217 1179 290 1217 illis
314 1191 434 1229 porro
461 1177 788 1228 Harpocrationis
817 1191 906 1229 quae
927 1185 1144 1228 sequuntur
1163 1178 1302 1225 verbis,
1330 1179 1397 1217 ubi
1418 1179 1467 1218 de
1488 1182 1612 1220 tribus

137 1239 398 1290 jurisjurandi
430 1240 639 1291 generibus
673 1238 860 1290 loquitur,
895 1239 1078 1278 desidero
1108 1240 1267 1278 verbum
1297 1240 1346 1278 ad
1379 1241 1485 1292 quod
1517 1243 1613 1282 illud

144 1300 241 1340 εἶναι
270 1301 405 1341 referri
432 1302 570 1352 possit.
629 1301 822 1340 Praeterea
843 1316 976 1341 vereor
1000 1316 1047 1340 ne
1076 1302 1182 1340 aliud
1206 1315 1322 1352 quam
1352 1304 1500 1342 ἁπλοῦν
1529 1305 1613 1357 ipse

146 1364 362 1415 scripserit.
393 1364 438 1401 In
454 1363 636 1416 sequenti
652 1371 782 1403 autem
803 1371 842 1403 et
861 1366 994 1404 ultima
1015 1364 1133 1414 hujus
1149 1364 1430 1403 observationis
1452 1368 1617 1417 periodo

146 1427 234 1476 lego
253 1431 302 1479 τῷ
321 1431 605 1480 προτεινομὲνῳ,
628 1427 707 1465 sive
728 1434 807 1472 τοῖς
826 1431 1128 1481 προτεινομένοις
1148 1440 1218 1478 pro
1239 1428 1302 1466 τὸν
1320 1432 1617 1482 προτεινόμενον,

147 1498 189 1529 ut
208 1491 418 1530 ostendere
440 1493 499 1530 vel
523 1505 606 1530 mea
627 1492 743 1542 hujus
766 1492 843 1530 loci
866 1492 1138 1543 interpretatio
1161 1498 1308 1542 potest.

203 1554 652 1593 ΕΛΑΦΡΟΤΑΤΟΥΣ.
673 1555 713 1593 ἐν
726 1554 864 1607 ἐπαίνῳ
879 1557 1033 1604 λέγουσι
1045 1555 1211 1604 τοῦνομα
1224 1555 1257 1592 οἱ
1269 1555 1443 1604 παλαιοὶ,
1455 1557 1540 1593 ἀντὶ
1553 1562 1617 1594 τοῦ

150 1617 395 1666 πραοτάτους·
422 1619 515 1654 κατὰ
530 1617 570 1654 τὸ
596 1617 768 1655 ἐναντίον
787 1621 836 1668 τῷ
856 1616 1093 1668 βαρυτάτους
1113 1618 1172 1654 καὶ
1190 1618 1496 1670 φορτικωτὰτους.
1525 1619 1620 1657 Ἰσο-

149 1677 284 1728 κράτης
315 1678 600 1732 Παναθηναῖκιρ·
629 1678 734 1731 Σφᾶς
760 1678 787 1716 δ’
813 1678 949 1722 αὐτοὺς
981 1682 1031 1722 ὡς
1060 1679 1219 1717 δυνατὸν
1247 1680 1530 1732 ἐλαφροτάτους
1561 1683 1619 1718 καὶ

149 1740 420 1791 μετριωτάτους
440 1746 517 1783 τοῖς
539 1747 692 1780 συνοῦσι
713 1742 964 1791 παρέχοντας.
997 1742 1319 1780 HARPOCRAT.

202 1801 661 1841 ΕΛΑΦΡΟΤΑΤΟΥΣ.
681 1802 728 1840 In
746 1802 895 1840 laudem
910 1807 1082 1840 utuntur
1093 1808 1234 1840 veteres
1245 1803 1316 1841 Ῐιοο
1334 1803 1531 1849 vocabulo,
1543 1817 1620 1854 pro

151 1864 397 1910 πραοτάτους,
418 1869 464 1902 ut
489 1865 692 1903 contrario
718 1864 796 1908 his,
819 1863 1058 1912 βαρυτάτους
1090 1872 1128 1901 et
1160 1865 1467 1915 φορτικωτάτους.
1500 1865 1619 1904 Isocr.

154 1925 334 1963 Panath.
368 1931 467 1973 σφᾶς
497 1925 524 1962 δ’
543 1927 679 1968 αὐτοὺς
709 1927 759 1967 ὡς
790 1923 949 1962 δυνατὸν
978 1924 1255 1976 ἐλαφροτάτους
1276 1927 1335 1963 καὶ
1353 1927 1622 1978 μετριωτάτους

152 1992 231 2031 τοῖς
252 1993 405 2026 συνοῦσι
423 1989 679 2039 παρέχοντας.
736 1987 849 2025 Facit
876 1993 1006 2024 autem
1039 2000 1112 2038 pro
1145 1987 1474 2038 Harpocrationis
1503 2003 1623 2041 expo-

153 2051 291 2088 sitione
312 2051 421 2088 locus
449 2051 512 2088 hic
533 2051 601 2101 qui
622 2050 756 2089 eadem
788 2051 826 2087 in
846 2049 1021 2087 oratione
1042 2050 1186 2102 legitur
1207 2055 1237 2098 ξ.
1263 2050 1324 2088 eff.
1356 2053 1522 2102 μάλιστα
1553 2053 1622 2105 μὲν

153 2111 219 2151 οὖν
237 2113 410 2153 ἐντεῦψεν
438 2112 487 2152 ἄν
508 2129 562 2156 τις
591 2111 766 2160 δυνηθείη
787 2112 949 2150 κατιδεῖν
968 2111 1044 2164 ὅσῳ
1069 2114 1311 2164 μετριώτερον
1341 2116 1399 2151 καὶ
1419 2116 1622 2166 πραότερον

151 2177 257 2227 ἡμεῖς
285 2181 359 2213 τῶν
385 2172 622 2227 πραγμάτων
649 2175 940 2226 ἐπεμελήθημεν.
996 2174 1098 2212 Nam
1128 2175 1184 2212 illi
1207 2176 1444 2226 superlativo
1464 2176 1623 2229 ἐλαφρο-

154 2236 302 2283 τάτους,
324 2236 430 2287 quod
452 2237 614 2287 exponit
636 2236 886 2288 πραοτάτους,
909 2235 1020 2273 vides
1052 2236 1191 2274 eodem
1214 2236 1332 2274 modo
1363 2236 1545 2288 subjungi
1565 2256 1624 2290 με-

152 2295 390 2349 τριωτάτους,
410 2311 488 2349 quo
514 2298 578 2337 hic
597 2298 866 2349 comparativo
887 2300 1129 2350 μετριώτερον
1148 2298 1400 2349 subjungitur
1418 2302 1623 2353 πραότερον

155 2365 300 2413 (neque
321 2361 423 2399 enim
453 2361 490 2399 in
513 2361 737 2412 hujusmodi
758 2361 1074 2412 copulationibus
1093 2361 1194 2399 ratio
1219 2361 1366 2400 ordinis
1388 2376 1540 2414 semper
1560 2365 1625 2402 ha-

156 2423 299 2471 betur),
318 2435 364 2461 ac
383 2422 468 2461 fieri
488 2429 620 2474 potest
640 2430 682 2462 ut
702 2424 740 2461 in
758 2423 824 2461 illa
844 2423 1086 2473 expositione
1106 2423 1157 2461 ad
1175 2423 1305 2461 locum
1320 2424 1424 2462 hunc
1443 2437 1622 2476 respexe-

156 2486 220 2526 rit.
277 2485 411 2529 Quum
432 2492 562 2524 autem
581 2485 680 2524 dicit
700 2486 796 2524 κατὰ
817 2485 856 2524 τὸ
875 2486 1048 2523 ἐναντίον
1067 2489 1116 2538 τῷ
1133 2484 1370 2537 βαρυτάτους
1390 2493 1430 2525 et
1449 2496 1625 2540 φορτικω-

155 2549 307 2594 τάτους,
327 2547 487 2598 respicit
510 2547 559 2586 ad
588 2560 654 2585 eas
673 2561 791 2586 voces
823 2561 912 2596 quae
931 2561 979 2585 eo
1000 2548 1037 2585 in
1059 2548 1147 2586 loco
1174 2548 1407 2598 praecedunt
1438 2549 1553 2589 istas:
1584 2558 1625 2590 et

157 2616 286 2650 tamen
308 2622 385 2647 non
405 2610 566 2647 omnino
585 2609 740 2648 easdem
771 2610 883 2648 affert
902 2622 999 2661 quas
1020 2609 1074 2647 ibi
1094 2609 1270 2660 legimus.
1330 2609 1429 2649 Nam
1461 2612 1517 2651 ita
1538 2613 1628 2652 scri—

158 2678 267 2724 ptum
299 2671 486 2710 habemus
518 2677 642 2709 totum
674 2672 804 2711 locum
825 2675 857 2720 ξ.
877 2669 940 2710 ια’.
959 2676 1029 2716 τὰς
1057 2673 1129 2724 μὲν
1157 2679 1230 2712 τῶν
1248 2673 1381 2712 ἄλλων
1408 2674 1543 2721 ἀηδίας
1568 2678 1627 2714 καὶ

157 2733 371 2785 βαρύτητας
402 2735 561 2776 εὐκόλως
586 2735 645 2771 καὶ
662 2734 800 2786 ῥᾳδίως
820 2736 1014 2786 φέροντας,
1033 2741 1131 2787 σφᾶς
1153 2734 1180 2773 δ’
1199 2736 1336 2779 αὐτοὺς
1354 2736 1628 2789 ἐλαφροτάτους

161 2797 222 2835 καὶ
249 2793 520 2848 μετριωτάτους
548 2801 628 2839 τοῖς
661 2802 813 2835 συνοῦσι
845 2800 1104 2851 παρέχοντας.
1159 2796 1281 2848 Apud
1318 2797 1478 2836 Suidam
1511 2800 1627 2849 paulo

161 2858 272 2897 aliter
289 2871 404 2909 quam
426 2859 530 2909 apud
555 2858 747 2910 Harpocr.
771 2858 963 2910 scriptum
983 2867 1066 2898 est:
1094 2860 1137 2899 ἐν
1157 2860 1295 2912 ἐπαίνῳ
1313 2862 1468 2909 λέγουσι
1489 2861 1530 2899 τὸ
1549 2861 1630 2899 ὅνο-

163 2936 217 2971 μα
242 2921 277 2959 οἱ
302 2923 472 2968 παλαιοὶ,
494 2923 578 2960 ἀντὶ
597 2926 660 2960 τοῦ
679 2918 931 2972 πραοτάτους,
959 2926 1054 2961 κατεῖ
1084 2923 1125 2962 τὸ
1144 2923 1316 2962 ἐναντίον
1335 2928 1396 2961 τοῦ
1416 2921 1629 2974 βαρυτάτου

165 2983 224 3020 καὶ
240 2979 525 3035 φορτικωτάτου.
574 2983 684 3022 Istud
713 2983 830 3034 igitur
850 2983 1111 3035 colligendum
1133 2985 1223 3024 hinc
1242 2991 1315 3032 est,
1344 2985 1629 3035 Harpocratio-
