1914 3314
266 228 373 282 498

739 224 1251 272 'IEOKPATOTE‘

265 344 353 410 ξεις
371 343 449 395 καὶ
470 343 569 402 τούς
587 343 803 413 πολέμους
826 343 925 401 τούς
943 340 1221 402 Ἑλληνικοῦς
1246 337 1563 410 ἐξηγουμένους,
1584 336 1688 389 κοιί-

265 441 346 492 me
367 416 483 476 εἶὸὣς
500 416 676 475 δικαίως
694 416 852 475 αὐτοῦς
871 414 1208 486 ἐπαινουμένους,
1229 411 1304 465 οῦδ
1321 413 1393 465 ἀὖ
1410 412 1510 471 τούς
1529 412 1690 468 οὶπλῶς
1706 424 1784 459 233

264 547 497 585 propulsaverit,
513 547 608 584 magis
629 545 719 574 etiam
740 545 856 575 laudari
872 550 960 584 atque

265 590 415 624 honorari,
431 599 518 628 quam
531 589 624 622 illam,
638 598 703 625 quae
718 587 748 616 in
764 589 899 617 omnibus
914 588 960 617 his

262 631 354 660 ruerit
375 631 520 661 inferior?
553 629 641 671 φιβ’.)
661 631 702 659 At
722 640 886 668 quanquam
904 630 961 659 La-

262 674 511 703 cedaemoniorum
528 674 662 703 fautores
677 672 741 700 haeo
758 673 886 702 refutare
904 683 960 701 non

261 722 400 753 possunt,
423 722 566 745 accusant
598 720 696 743 tamen
725 714 878 744 civitatem
908 725 961 744 no-

262 762 365 794 stram,
387 759 562 797 judiciaque
585 757 789 792 criminantur,
816 768 882 796 quae
905 758 960 787 sub

260 799 388 838 imperio
398 808 498 830 nostro
511 800 587 830 socii
598 799 761 835 subierunt,
771 800 960 839 maximeque

262 843 424 872 Meliorum
440 844 704 880 Scionaeorumque
722 842 893 872 infortuniis
905 843 960 871 im-

260 892 423 916 morantur.
461 885 552 927 (xyst)
580 886 645 923 Ego
669 895 751 920 vero,
779 885 836 914 etsi
861 885 961 914 omnia

260 928 325 958 haee
338 930 478 959 refellere
494 938 589 968 neque
606 937 721 967 possem
747 938 841 966 neque
859 927 959 962 velim,

258 972 420 1005 ostendere
435 978 533 1001 tamen
553 971 693 1004 conabor,
716 969 960 999 Lacedaemonios

258 1013 290 1042 iu
305 1015 395 1043 rebus
411 1015 500 1044 modo
512 1013 603 1043 dictis
616 1012 787 1042 acerbiores
803 1013 960 1042 saeviores-

258 1067 318 1095 que
341 1057 431 1086 etiam
449 1062 549 1086 nostra
568 1055 692 1085 civitate
713 1054 818 1088 fuisse,
833 1065 958 1094 eosque,

259 1099 311 1136 qui
330 1099 359 1128 iu
378 1100 495 1130 illorum
513 1098 637 1138 gratiam
657 1098 744 1126 nobis
764 1097 957 1133 maledicunt,

259 1151 402 1181 perquam
418 1142 546 1172 stolidos
560 1151 639 1175 esse,
655 1145 828 1169 accusantes
844 1141 956 1179 quippe

256 1194 373 1219 eorum,
400 1186 510 1223 quibus
531 1182 751 1214 Lacedaemonii
774 1182 875 1221 potius
903 1185 957 1212 ob-

258 1227 428 1257 noxiisunt
442 1228 585 1266 nobisque
602 1227 717 1264 majora
737 1225 825 1254 etiarn
842 1225 870 1253 in
887 1225 956 1255 illos

259 1269 385 1299 crimina
400 1269 560 1308 regerendi
573 1270 763 1297 occasionem
777 1269 954 1306 praebentes.

257 1310 341 1351 (κδ’.)
373 1313 476 1342 Veluti
502 1322 593 1347 nunc,
618 1311 687 1349 quis
713 1310 789 1338 adeo
814 1310 956 1348 stupidus

257 1353 308 1389 sit,
335 1355 405 1393 quin
432 1355 627 1395 respondeat,
656 1353 761 1392 plures
788 1353 913 1381 Graecos
939 1363 956 1381 a

256 1395 497 1428 Lacedaemoniis
522 1397 635 1428 indicta
664 1406 753 1424 causa
778 1393 955 1424 interfectos

258 1449 337 1475 esse,
354 1451 441 1479 quam
453 1451 470 1470 a
485 1441 584 1475 nobis,
598 1448 638 1469 ex
655 1448 714 1476 quo
731 1437 832 1467 urbem
848 1436 955 1466 incoli-

256 1492 335 1518 mus,
351 1483 443 1521 injus
459 1488 594 1514 vocatos.
628 1479 710 1520 (κε’.)
733 1479 834 1518 Atque
849 1479 955 1509 eadem

255 1530 304 1554 est
319 1525 506 1556 ¹tributorum
531 1524 748 1564 exigendorum
771 1522 863 1551 ratio:
888 1532 954 1551 nam

255 1566 478 1598 tributariarurn
494 1568 648 1599 civitatum
664 1565 830 1594 commodis
846 1564 954 1594 melius

254 1619 342 1648 quam
358 1610 581 1640 Lacedaemonii
598 1608 816 1642 consuluimus,
832 1617 898 1646 quae
914 1618 953 1637 ex

255 1652 381 1681 arbitrio
394 1664 506 1692 suaque
523 1653 624 1693 potius
637 1661 725 1690 quam
739 1656 842 1679 nostra
853 1660 954 1685 causa,

251 1700 286 1728 ,et
301 1705 398 1733 pauca
409 1700 522 1725 tantum
541 1707 580 1726 ex
591 1695 642 1733 iis,
657 1704 725 1733 quae
737 1693 849 1722 nostris
862 1693 952 1722 bene-

252 1736 330 1766 ficiis
366 1739 573 1777 possidebant,
609 1736 811 1767 contulerunt.
861 1734 951 1776 (ug-¹.)

255 1779 346 1816 Quod
370 1791 458 1819 porro
481 1782 520 1811 ad
545 1780 720 1811 eversiones
746 1778 862 1813 attinet,
879 1789 953 1816 quas

253 1822 375 1860 quidam
400 1823 487 1854 nobis
511 1824 585 1853 solis
613 1822 771 1861 objiciunt,
797 1821 951 1850 sciendum

252 1869 311 1899 est,
336 1875 390 1895 nos
417 1867 446 1896 in
474 1867 610 1896 tantillas
636 1865 750 1895 insulas
774 1863 952 1902 deliquisse,

248 1918 326 1946 ‚quas
337 1908 474 1948 plerique
487 1911 664 1939 Graecorum
678 1908 816 1946 ignorant
828 1917 835 1942 ;
857 1906 951 1935 Lace-

250 1949 951 1987 daemonioscontramaximasnobilissimasque

250 1993 453 2032 Peloponnesi
463 1994 603 2024 civitates
615 1992 770 2026 evertisse,
778 1991 952 2026 Messenen,

248 2034 497 2066 Lacedaemonem
518 2041 550 2066 et
564 2038 678 2075 Argon,
699 2045 823 2073 quarum
845 2034 950 2069 duces,

250 2079 372 2114 Nestor,
387 2080 548 2109 Menelaus
569 2087 658 2118 atque
684 2078 902 2116 Agamemnon,
920 2076 950 2106 in

251 2121 332 2151 bello
352 2123 480 2161 Trojano
497 2122 636 2152 maximis
653 2121 815 2150 virtutibus
830 2119 951 2156 conspi-

251 2164 301 2193 cui
328 2165 458 2200 fuerunt,
483 2170 515 2194 ut
541 2175 578 2194 ex
613 2163 810 2202 sequentibus
839 2162 950 2191 clarius

251 2207 342 2236 etiam
357 2208 524 2247 apparebit.
568 2206 657 2247 (κζ’.)
678 2206 793 2235 Vereor
815 2205 949 2243 quidem,

249 2259 287 2278 ne
303 2249 334 2278 in
345 2250 580 2289 Agamemnonis
593 2249 697 2279 laudes
709 2247 864 2286 digressio
875 2247 948 2277 vitio

251 2295 396 2328 vertatur,
417 2293 470 2323 sed
486 2293 531 2323 illi
543 2303 640 2330 *opem
657 2293 733 2321 ferre
749 2291 883 2326 decrevi,
900 2291 949 2320 cui

249 2334 342 2371 idem,
357 2337 436 2374 qnod
459 2336 530 2365 mihi
555 2336 681 2373 aliisque
696 2334 800 2363 multis
826 2333 947 2369 accidit,

251 2381 285 2406 ut
300 2387 334 2406 ea
349 2378 536 2408 fraudaretur
549 2378 656 2417 gloria,
669 2387 735 2416 quae
752 2375 867 2406 meritis
883 2377 949 2413 ejus

250 2419 427 2451 debebatur.
471 2420 558 2462 (κη’.)
580 2421 706 2450 Tantum
731 2419 782 2448 ille
805 2419 948 2448 honorem

249 2462 378 2500 adeptus
399 2469 456 2500 est,
474 2469 506 2493 ut
529 2464 611 2493 solus
633 2463 725 2493 totius
742 2463 868 2491 Graeciae
883 2462 946 2490 dux

248 2504 346 2535 factus
361 2505 410 2534 sit.
456 2508 544 2555 Hauc
561 2516 634 2536 vero
656 2505 820 2544 potentiam
843 2508 947 2533 nactus

249 2547 326 2576 nulli
352 2549 525 2579 Graecarum
554 2548 669 2578 urbium
694 2547 851 2577 molestius
878 2547 946 2582 fuit,

248 2590 305 2619 sed
321 2590 396 2620 adeo
413 2591 468 2620 fuit
483 2594 519 2621 ab
534 2592 588 2621 hac
604 2602 636 2620 re
655 2590 782 2625 alienus,
805 2594 837 2619 ut
857 2590 945 2619 etiam

248 2633 406 2662 nonnullas
431 2634 508 2663 bello
535 2640 565 2664 et
592 2634 687 2663 turbis
715 2633 891 2662 liberaverit
916 2637 946 2661 et

247 2676 458 2711 reconciliatas
474 2676 551 2706 inter
567 2687 599 2706 se
614 2682 717 2706 contra
727 2675 880 2705 Barbaros
891 2676 945 2704 du-

248 2718 340 2747 xerit.
385 2719 452 2756 Qua
471 2718 553 2748 illius
573 2718 763 2757 expeditione
780 2718 852 2748 nihil
868 2728 944 2757 prae-

243 2760 377 2791 stantius
393 2761 526 2799 nihilque
542 2762 660 2792 Graecis
680 2761 735 2791 fuit
756 2761 872 2799 utilius,
886 2761 943 2790 etsi

246 2803 393 2834 minorem
411 2810 566 2834 assecutus
589 2810 636 2834 est
657 2803 792 2843 gloriam.
806 2814 894 2842 quam
910 2803 944 2838 ii,

248 2846 301 2883 qni
327 2856 383 2876 neo
408 2845 517 2876 imitari
548 2846 630 2876 illum
659 2846 723 2876 ausi
760 2851 839 2875 sunt.
862 2844 946 2886 (16¹.)

247 2888 316 2918 Nec
332 2888 377 2917 illi
392 2888 465 2918 natis
481 2889 548 2924 fuit,
572 2889 682 2918 milites
699 2888 825 2925 privata:
841 2889 944 2918 condi-

247 2930 342 2964 tionis
359 2931 530 2969 delegisse,
560 2942 663 2961 verum
693 2931 780 2959 etiam
822 2931 943 2969 regibus

242 2973 413 3012 persuasit,
427 2979 458 3003 ut
482 2985 515 3004 se
535 2974 625 3010 duce,
643 2973 736 3003 verbo
753 2973 873 3012 quidem
888 2983 943 3012 pro

247 3015 378 3053 Helena,
394 3027 426 3047 re
437 3022 535 3047 autem
552 3027 622 3047 vera
634 3026 689 3056 pro
706 3015 830 3045 Graeeiae
848 3015 943 3046 salute

995 548 1099 574 contra
1121 545 1271 574 Barbaros
1292 544 1404 573 bellum
1420 548 1569 582 gererent.
1613 540 1687 583 (λ’.)

996 590 1040 617 Ac
1062 592 1170 616 tantam
1192 586 1425 621 multitudinem,
1441 585 1489 614 cui
1512 590 1543 614 et
1562 586 1687 614 deorum

996 629 1088 668 geniti
1104 628 1279 668 impetuosi,
1293 628 1389 658 invidi
1402 627 1565 667 gloriaeque
1583 628 1688 666 cupidi

995 673 1101 700 heroes
1124 672 1251 706 inerant,
1278 681 1330 710 per
1358 671 1464 700 decem
1493 674 1572 699 totos
1595 680 1687 700 annos

995 714 1151 748 continuit,
1162 724 1218 743 non
1231 713 1346 752 magnis
1357 712 1526 752 stipendiis,
1539 711 1592 741 sed
1605 713 1686 750 quud

994 761 1024 786 et
1048 756 1208 795 prudentia
1228 762 1354 785 caeteros
1376 759 1545 793 praestaret,
1559 758 1590 784 et
1605 764 1686 785 com-

994 804 1123 828 meatum
1135 808 1173 828 ex
1185 799 1311 828 hostium
1322 799 1403 836 agris
1416 798 1562 827 militibus
1571 807 1684 836 suppe-

995 840 1114 877 ditaret,
1130 841 1299 879 rectiusque
1314 841 1486 870 consuleret
1500 840 1620 872 illorum
1636 850 1685 869 sn-

994 883 1062 919 luti,
1071 894 1157 923 quam
1168 883 1212 913 illi
1223 883 1436 922 sibimetipsis;
1459 892 1516 911 non
1526 882 1610 922 prius
1622 882 1686 912 dis-

992 927 1116 960 cedens,
1128 936 1214 965 quam
1224 931 1253 955 et
1262 927 1326 964 ejus
1335 927 1438 955 urbem
1446 924 1684 964 excidisset,qui

993 969 1022 998 in
1036 971 1160 999 Graecos
1169 969 1346 1007 delinquere
1361 978 1451 998 ausus
1464 972 1555 1002 esset,
1565 973 1594 996 et
1607 967 1684 997 Bar-

994 1012 1131 1040 barorum
1152 1011 1344 1040 insolentiam
1371 1010 1568 1040 coercuisset.
1595 1009 1686 1050 (λα’.)

991 1053 1088 1092 Atqui
1103 1064 1159 1083 non
1175 1054 1290 1092 ignoro,
1305 1053 1370 1082 haec
1392 1053 1430 1082 de
1453 1052 1684 1091 Agamemnonis

993 1095 1101 1125 virtute
1124 1096 1215 1131 dicta,
1240 1096 1297 1125 etsi
1320 1106 1376 1125 nec
1398 1095 1558 1134 quidquam
1580 1105 1684 1124 eorum

991 1138 1030 1167 sit
1048 1138 1285 1178 improbandum,
1300 1143 1398 1167 tamen
1418 1138 1455 1167 ab
1478 1137 1630 1172 omnibus,
1651 1142 1685 1166 ut

990 1181 1085 1210 multo
1101 1181 1276 1220 prolixiora,
1291 1181 1506 1219 reprehensum
1517 1180 1565 1209 iri.
1589 1178 1684 1220 (λὲ.)

990 1224 1049 1252 Sed
1066 1224 1251 1258 existimavi,
1268 1224 1362 1252 minus
1379 1233 1470 1261 grave
1484 1223 1558 1257 fore,
1574 1222 1600 1251 si
1616 1222 1685 1261 qni-

990 1266 1046 1294 bns
1061 1267 1091 1295 in
1105 1267 1159 1295 hac
1171 1272 1256 1304 parte
1275 1266 1378 1295 videar
1393 1266 1536 1304 temporis
1553 1269 1584 1293 et
1602 1265 1684 1294 modi

988 1308 1133 1338 rationem
1150 1319 1206 1338 uon
1223 1309 1344 1343 habere,
1357 1318 1444 1346 quam
1458 1308 1483 1336 si
1498 1308 1536 1336 de
1552 1306 1605 1336 tali
1618 1306 1684 1337 viro

989 1350 1151 1386 disserens,
1167 1351 1281 1389 aliquas
1293 1351 1397 1379 laudes
1409 1355 1603 1389 praeteream;
1615 1378 1617 1380 ,
1627 1349 1684 1380 etsi

988 1393 1124 1423 nocitura
1158 1393 1240 1428 mihi,
1269 1392 1398 1422 laudatis
1432 1393 1589 1430 profutura
1617 1402 1684 1422 esse

989 1435 1096 1473 sciam3
1125 1435 1253 1465 utilitate
1277 1435 1353 1464 enim
1378 1435 1515 1472 neglecta
1533 1434 1684 1473 justitiam

988 1478 1100 1516 ubique
1121 1477 1286 1517 praeposui.
1309 1475 1400 1517 (λγ’.)
1414 1477 1482 1506 Sed
1499 1477 1610 1512 nescio,
1624 1487 1684 1516 quo

989 1521 1132 1559 abripiat,
1141 1522 1177 1550 ab
1187 1520 1323 1550 instituto
1332 1519 1510 1559 longissime
1517 1519 1683 1558 digressus.

989 1564 1107 1598 Restat,
1124 1569 1168 1598 ut,
1193 1564 1287 1604 petita
1306 1563 1453 1593 senectuti
1476 1562 1638 1592 oblivionis
1653 1567 1686 1592 et

986 1605 1178 1645 loquacitatis
1205 1606 1305 1641 venia,
1327 1606 1365 1635 ad
1395 1605 1478 1634 illurn
1509 1605 1608 1635 locum
1636 1615 1684 1635 re-

987 1649 1085 1683 deam,
1102 1660 1139 1679 ex
1155 1659 1214 1688 quo
1229 1650 1259 1679 in
1272 1650 1347 1678 hanc
1363 1648 1565 1686 garrulitatem
1578 1647 1682 1678 incidi.

985 1690 1071 1732 (λὲ.)
1095 1692 1167 1721 Istis
1179 1692 1284 1731 igitur,
1299 1691 1350 1730 qui
1363 1696 1471 1720 nostrae
1483 1691 1603 1720 civitati
1613 1680 1682 1721 Μο-

983 1734 1091 1764 liorum
1122 1734 1285 1774 taliumque
1315 1733 1526 1774 oppidulorum
1561 1733 1682 1765 calami-

984 1782 1061 1807 tates
1086 1778 1282 1816 exprobrant,
1303 1776 1454 1815 respondi,
1477 1776 1681 1806 Athenienses

984 1820 1152 1859 deliquisse
1186 1820 1317 1859 quidem,
1346 1820 1397 1848 sed
1433 1818 1680 1849 Lacedaemonios

985 1864 1076 1892 urbes
1093 1864 1220 1901 majores
1236 1863 1398 1901 pluresque
1418 1871 1506 1900 quam
1524 1871 1579 1890 nos
1596 1871 1681 1892 ever-

984 1906 1069 1940 tisse,
1083 1906 1275 1944 easdemque,
1292 1915 1358 1943 quae
1374 1905 1449 1933 tales
1462 1904 1543 1933 viros
1560 1904 1682 1942 gennis·

984 1954 1050 1977 sent
1065 1952 1095 1978 et
1111 1948 1302 1983 educassent,
1315 1947 1353 1976 de
1369 1947 1477 1985 quibus
1491 1946 1578 1985 plura
1592 1946 1683 1976 etiam

984 1996 1072 2030 atque
1088 1990 1292 2029 praeclariora,
1310 1999 1398 2028 quam
1415 2000 1431 2018 a
1446 1999 1494 2018 me
1505 1989 1614 2018 factum
1631 1989 1684 2025 sit,

984 2033 1044 2062 dici
1062 2038 1197 2073 possent.
1242 2033 1290 2063 Ne
1303 2042 1374 2061 vero
1384 2033 1422 2061 de
1437 2032 1684 2062 Lacedaemonio-

983 2086 1047 2106 rum
1067 2076 1246 2106 crudelitate
1269 2075 1430 2104 disserenti
1447 2074 1518 2104 mihi
1541 2084 1616 2104 unus
1635 2075 1683 2104 hic

982 2118 1066 2148 locus
1092 2119 1215 2148 relictus
1245 2119 1393 2153 videatur,
1425 2118 1490 2147 haec
1517 2117 1686 2155 sufficiant3

982 2161 1067 2202 (λε’.)
1088 2162 1201 2200 quippe
1213 2161 1264 2200 qui
1280 2171 1337 2190 non
1355 2165 1467 2190 tantum
1483 2160 1512 2188 in
1528 2159 1581 2189 has
1595 2161 1684 2190 urbes

983 2205 1125 2243 virosque
1149 2203 1344 2242 deliquerint,
1370 2213 1471 2233 verum
1495 2202 1585 2232 etiam
1602 2202 1685 2233 Mes-

982 2248 1094 2283 senios,
1129 2248 1292 2286 populares
1328 2255 1399 2275 suos
1436 2245 1683 2284 occupandaeque

984 2290 1190 2329 Peloponnesi
1207 2290 1398 2326 omniumque
1414 2288 1617 2327 periculorum
1632 2298 1683 2318 so-

983 2333 1060 2367 cios,
1076 2333 1198 2371 regione
1223 2332 1395 2370 expulerint
1411 2341 1538 2368 cumque
1558 2330 1682 2369 Argivis

983 2376 1073 2405 etiam
1097 2386 1174 2405 nunc
1200 2375 1309 2404 bellum
1336 2379 1451 2413 gerant.
1495 2373 1682 2408 Plataeenses

982 2428 1113 2457 quoque,
1131 2418 1160 2447 in
1178 2427 1303 2456 quorum
1319 2427 1392 2456 agro
1409 2425 1595 2455 quorumque
1606 2416 1682 2452 solo,

982 2471 1021 2490 ex
1036 2462 1174 2490 omnibns
1190 2460 1335 2494 Boeotiis,
1347 2459 1473 2493 auxilio,
1485 2459 1638 2488 nobiscum
1651 2463 1682 2488 et

981 2514 1049 2533 cum
1065 2504 1133 2533 aliis
1151 2502 1253 2538 sociis,
1269 2503 1409 2532 omnibus
1421 2501 1542 2531 >Graecis
1556 2501 1680 2530 liberta-

981 2551 1040 2575 tem
1062 2546 1091 2575 in
1117 2547 1197 2576 bello
1215 2546 1340 2575 Persico
1356 2545 1564 2578 restituerunt,
1587 2543 1680 2574 iidem

981 2589 1216 2624 Lacedaemonii,
1227 2594 1316 2628 capta
1329 2589 1415 2622 urbe,
1428 2587 1458 2616 in
1471 2587 1680 2616 Thebanorum

981 2632 1105 2670 gratiam
1124 2632 1229 2670 paucis
1246 2630 1384 2668 exceptis
1403 2639 1506 2659 omnes
1521 2628 1680 2659 interfece-

980 2680 1067 2712 runt;
1081 2680 1181 2704 nostra
1194 2685 1265 2704 vero
1276 2673 1384 2703 civitas
1396 2672 1618 2702 Messeniorum
1632 2682 1679 2701 re-

979 2717 1081 2757 liquiis
1094 2719 1282 2757 Naupactum
1293 2715 1454 2746 habitatum
1463 2714 1598 2747 dedinet
1609 2715 1679 2744 Pla-

979 2765 1117 2796 taeenses,
1134 2760 1304 2799 quicunque
1318 2759 1454 2789 Athenas
1468 2757 1677 2796 confugerant,

979 2804 1103 2834 civitate
1123 2803 1260 2833 donavit.
1281 2800 1372 2842 (λς’.)
1394 2800 1455 2829 Sed
1478 2799 1568 2828 sicuti
1592 2805 1679 2831 antea

979 2846 1007 2875 in
1023 2845 1206 2876 oblivionem
1223 2844 1329 2878 incidi,
1345 2844 1385 2872 itu
1398 2852 1475 2872 nunc
1491 2841 1519 2870 in
1533 2842 1678 2880 asperita-

979 2893 1037 2918 tem
1062 2899 1109 2918 me
1132 2898 1200 2917 esse
1223 2887 1378 2924 delapsum
1398 2884 1506 2919 sentio,
1520 2884 1678 2924 omniaque

978 2941 1045 2969 quae
1063 2931 1165 2960 dicere
1180 2929 1336 2961 noluerim,
1351 2932 1477 2966 propter
1497 2927 1614 2965 copiam
1631 2937 1678 2958 re-

977 2983 1042 3003 rum
1056 2973 1127 3003 mibi
1137 2971 1328 3006 affluentium,
1338 2970 1559 3001 manifestasse.
1585 2970 1678 3006 Quod

978 3026 1068 3054 quum
1086 3016 1179 3045 semel
1194 3015 1305 3045 factum
1321 3014 1372 3048 sit,
1391 3014 1430 3043 de
1445 3013 1565 3042 caeteris
1587 3012 1677 3043 etiam
