1914 3314
243 207 326 250 798

243 332 275 350 u.
291 321 393 351 Bekk.
449 319 532 350 Ibid.
544 321 624 352 ἀλλὰ
639 323 693 362 χρὴ
711 324 755 361 ἧγ.
772 323 803 353 k.
863 323 948 355 Ibid.

243 363 311 392 εῖναι
335 373 395 393 οιιι.
417 372 448 394 ιι.
468 362 573 393 Bekk.
646 368 698 394 12.
719 366 812 396 ταὺτὸ
831 377 890 396 om.
918 378 949 396 u.

242 406 348 435 Bekk.
393 406 476 436 Ibid.
486 405 708 445 νομοθετοῦντας
723 419 748 437 r.
794 410 844 439 13.
856 409 949 439 ἄπαν-

242 457 291 481 τες
302 458 363 477 om.
379 459 408 478 ιι.
425 449 529 478 Bekk.
563 450 662 479 sIbid.
677 450 706 480 οὖ
723 461 782 481 οιιι.
800 462 829 481 ιι.
846 451 950 481 Bekk.

243 493 296 520 14.
307 491 387 519 ἄλλα
402 493 515 530 μᾶλλον
528 492 582 530 αῖς.
599 493 716 522 συνεῖναι
731 504 790 523 οιιι.
802 504 832 524 ιι.
846 494 949 524 Bekk.

242 532 325 562 Ibid.
341 534 531 574 προαιροῦνται
548 535 579 564 k.
597 545 622 564 r.
680 535 760 565 lbid.
777 535 949 577 ἓξαρκιρτά-

242 575 345 615 νουσιν]
359 576 654 616 συνεξαμαρτάνουσιν
675 588 705 607 ιι.
723 578 826 608 Bekk.
898 582 948 610 16.

243 618 420 648 Φωκυλλίδου
434 629 460 648 ι·.
526 622 577 649 17.
593 620 759 658 γεγενῆσθαι
774 620 952 660 συμςούλους

243 671 272 690 ιι.
290 660 395 691 Bekk.
450 664 504 692 20.
516 662 563 691 καὶ
580 663 648 703 τῶν]
666 663 714 692 καῖ
727 674 785 693 om.
803 675 833 693 u.
846 665 949 694 Bekk.

243 704 296 733 25.
312 703 337 733 ἓν
353 714 412 733 οιιι.
428 714 458 734 n.
527 707 577 735 26.
592 703 750 746 ἐθέλοιμεν]
771 705 905 745 θέλοιμεν
919 707 952 736 ἂν

242 755 268 775 ι·.
284 745 412 786 θέλοιμεν
434 757 462 776 ιι.
485 745 589 777 Bekk.
657 749 739 779 Ibid.
761 749 859 788 φύσεις
879 749 949 790 τῶν]

242 787 342 827 φύσεις
359 790 414 823 τὰς
431 792 485 819 τῶν
505 800 533 819 ιι.
550 789 653 820 Bekk.
726 798 827 832 antep.
847 790 951 832 εὑρίσο·

241 842 297 869 μεν
312 843 340 862 ιι.

286 874 323 904 Ρ.
351 877 425 906 131.
449 877 481 906 3.
519 873 585 904 εῖναι
611 876 657 905 καὶ
687 876 866 917 φιλοπόνους]
902 877 952 907 καὶ

241 916 404 956 φιλοπόνους
417 916 485 947 εῖναι
497 928 527 949 u.
536 918 639 949 Bekk.
684 924 716 951 4.
725 921 767 959 μὴ
780 921 949 961 ποιοῦντας]

241 961 284 999 μὴ
301 970 360 989 om.
377 971 407 990 u.
424 961 527 991 Bekk.
577 964 608 992 6.
623 961 715 1000 λόγοις
731 973 792 993 om.
805 973 833 992 u.
853 964 950 994 Bekk.

243 1003 297 1032 ult.
314 1013 385 1036 τινος
397 1014 456 1033 οιιι.
470 1003 503 1032 k.
520 1015 544 1034 r.

288 1047 321 1075 P.
339 1048 411 1076 13⁴2.
431 1050 462 1075 1.
485 1046 640 1081 συνουσίαις
655 1048 740 1089 λοιδ.]
766 1048 920 1081 συνουσίαις
937 1047 951 1079 ἢ

243 1087 313 1118 λοιδ.
332 1099 360 1118 ιι.
386 1090 487 1119 Bekk.
567 1092 597 1120 3.
615 1090 822 1132 εὐωχουμένους
839 1092 871 1120 k.
884 1101 914 1119 n.
931 1101 951 1129 p

242 1132 274 1160 7.
293 1134 323 1162 8.
348 1134 397 1161 10.
414 1142 440 1161 r.
507 1132 592 1162 Ibid.
608 1135 706 1162 ταῦτα
723 1144 782 1163 om.
800 1145 829 1163 u.
848 1133 950 1163 Bekk.

242 1174 325 1202 lbid.
341 1177 420 1204 κατὰ
433 1174 560 1215 πάντων]
584 1174 648 1204 καθ’
662 1177 796 1205 ἁπάντων
806 1186 835 1205 ιι.
850 1176 952 1206 Bekk.

244 1218 273 1245 9.
283 1216 414 1256 ἁμίλλας
426 1215 580 1257 ἄχθονται]
598 1217 803 1258 ἄχθονταιοιιι.
815 1218 952 1248 u.Bekk.

243 1257 489 1299 ψυχαγωγοῦνται
504 1261 690 1298 adscriptum
707 1262 735 1290 in
750 1271 845 1299 marg.
862 1261 954 1289 habet

243 1312 274 1331 v·
320 1301 401 1332 lbid.
421 1303 469 1332 τῆν
489 1304 539 1331 τοῦ
559 1302 631 1342 Ὁμ.
651 1304 684 1333 k.
752 1306 802 1333 10.
820 1303 951 1343 πρώτως]

242 1344 368 1383 πρώτους
384 1345 416 1374 k.
428 1354 453 1374 r.
468 1345 610 1375 u.Bekk.
657 1349 708 1376 11.
721 1347 770 1376 τῐιν
784 1346 953 1375 secundum

243 1397 303 1416 οιιι.
321 1388 351 1416 k.
421 1390 473 1418 13.
491 1394 559 1417 πολ.
580 1388 650 1428 τῶν]
675 1394 751 1418 wok.
769 1389 834 1422 τοὺς
853 1390 907 1417 τῶν
923 1398 953 1416 ιι.

242 1429 346 1459 Bekk.
366 1428 470 1469 μύθους
486 1442 510 1459 ι·.
584 1431 666 1460 lbid.
680 1433 734 1460 τῶν
757 1430 877 1469 {maffia->v
892 1441 951 1460 om.

243 1472 275 1502 k.
292 1483 316 1502 r.
374 1475 425 1503 15.
442 1474 605 1514 ἆκουστεὶς]
631 1475 785 1508 ἀκουστοῐις
799 1473 831 1502 k.
849 1484 877 1502 n.
892 1476 952 1512 p7.

243 1518 273 1545 8.
295 1519 325 1548 9.
343 1527 368 1545 r.
385 1526 413 1545 u.
428 1526 459 1545 v.
482 1516 571 1545 Med.
596 1516 699 1546 Bekk.
778 1518 829 1545 16.
846 1517 954 1553 γεγενῆ-

243 1557 334 1599 σθαι]
360 1557 485 1595 γενέσθαι
504 1568 532 1588 u.
547 1558 651 1588 Bekk.
718 1561 770 1589 18.
787 1558 904 1598 ἀφετέον
922 1559 953 1587 k.

243 1601 325 1631 Ibid.
342 1599 428 1630 ἐκεῖνα
443 1600 470 1630 δὲ
487 1600 628 1640 γραπτέον
643 1601 708 1641 καὶ]
732 1604 772 1631 τὲ
789 1601 818 1632 δὲ
831 1603 954 1631 τοιαῦτα

243 1654 272 1673 u.
290 1644 392 1674 Bekk.
439 1647 492 1675 19.
505 1643 608 1684 ’ὄχλους
621 1645 720 1686 χαίρ]
745 1643 848 1684 ὄχλους
862 1645 954 1684 μάλι·

242 1697 304 1715 στα
335 1687 414 1727 χαίρ.
439 1697 470 1716 ιι.
497 1687 597 1716 Bekk.
665 1693 768 1726 autep.
798 1687 852 1717 δεῖν
883 1691 955 1726 post

242 1728 366 1768 τύραννον
388 1729 476 1769 pouit
490 1740 516 1759 r.
584 1730 666 1760 Ibid.
688 1731 757 1771 οὐχ]
782 1729 828 1759 τὸν
854 1730 909 1771 οὐχ
924 1741 953 1760 ιι.

241 1771 347 1802 Bekk.
405 1783 475 1812 pen.
485 1770 553 1802 ὄντα
569 1772 706 1815 τύραννον]
723 1772 912 1807 βασιλεύοντα
925 1784 955 1804 ιι.

616 206 957 250 VARIANTES
992 209 1327 255 LECTIONES

986 324 1088 355 Bekk.

1028 369 1066 398 P.
1086 370 1160 398 133.
1178 370 1209 400 2.
1226 368 1387 410 ἀνακρίνειν]
1395 368 1485 409 κρίνειν
1500 369 1530 400 k.
1545 381 1574 400 n.
1589 381 1608 410 p
1618 372 1650 401 7.
1663 373 1694 401 8.

983 421 1008 440 ι·.
1023 421 1053 440 ιι.
1068 410 1171 441 Bekk.
1215 411 1297 441 lbid.
1308 414 1363 442 τῶν
1377 412 1500 451 πράξεων
1510 423 1569 443 om.
1586 424 1616 443 u.
1662 416 1695 444 3.

983 452 1046 492 περί
1060 453 1130 494 τῶν]
1143 453 1212 492 περὶ
1224 453 1280 494 μὲν
1294 456 1350 483 τῶν
1363 454 1503 484 u.Bekk.
1549 456 1695 485 Ibid.-rav

984 497 1151 525 secundum
1169 506 1228 526 om.
1240 497 1271 526 k.
1316 500 1347 526 4.
1361 498 1410 528 τὴν
1425 507 1484 526 om.
1497 497 1530 527 k.
1540 507 1566 527 r.
1611 498 1694 528 Ibid.

986 537 1188 578 διατρίβοντες]
1205 537 1279 573 ὅντες
1295 539 1326 568 k.
1343 550 1367 569 r.
1384 550 1415 570 u.
1431 539 1534 569 Bekk.
1579 541 1610 569 7.
1621 540 1697 581 αὐτῇ

982 579 1013 610 k.
1024 591 1049 611 r.
1094 584 1125 611 8.
1138 579 1274 618 γενέσθαι
1287 580 1535 621 συμβουλεύεσθαι
1550 582 1622 622 δυν.]
1631 583 1695 621 φαί-

984 622 1077 652 νεσθαι
1093 623 1146 653 δυν.
1167 623 1356 657 Βουλεύεσὲιαι
1381 635 1405 653 r.
1423 623 1550 662 γενέσθαι
1565 623 1694 658 Βουλεύε-

984 663 1029 694 θαι
1055 665 1112 696 δυν.
1140 677 1169 696 n.
1193 666 1348 704 φαίνεσθαι
1374 665 1559 696 ζουλεύεσθαι
1585 667 1640 696 δυν.
1664 678 1694 697 ιι.

987 708 1088 738 Bekk.
1142 711 1172 739 9.
1185 709 1336 750 ἀφέμενον]
1354 707 1400 739 τὸν
1412 709 1556 748 δυνάμενον
1570 708 1695 740 comede-

985 750 1059 780 σθαι
1082 752 1114 781 k.
1182 754 1234 781 10.
1264 751 1312 781 ἐπὶ
1343 753 1393 781 τοῦ
1424 752 1696 791 συνομολογουμένου

985 793 1082 832 λαμβ,
1102 804 1131 823 ιι.
1147 793 1250 823 Bekk.
1296 796 1346 824 12.
1359 796 1424 828 τοὺς
1438 794 1568 833 primum
1586 806 1646 825 om.
1664 805 1695 824 ιι.

986 835 1090 866 Bekk.
1136 836 1218 866 Ibid.
1236 837 1258 866 εἶ
1276 836 1304 867 δὲ
1319 836 1379 876 μὴ]
1397 836 1477 866 δεῖδὲ
1492 837 1524 867 k.
1541 848 1566 868 r.
1613 838 1695 867 lbid.

985 880 1054 913 τοὺς
1066 877 1200 921 καθόλου]
1216 880 1281 914 τοὺς
1295 882 1337 919 μῆ
1353 877 1471 909 καθόλου
1485 880 1518 909 k·
1533 891 1558 910 r.
1575 880 1640 915 τοὺς
1647 879 1696 910 καῖ

985 961 1110 994 καθόλων
1122 974 1151 994 ιι.
1165 964 1230 997 τοὺς
1243 939 1431 1002 καθόλῖιῖριρ.
1448 966 1479 993 7.
1491 964 1539 994 καὶ
1549 963 1697 994 καθ’ἴίλων

987 1016 1016 1035 ιι.
1035 1005 1139 1036 Bekk.
1192 1008 1244 1037 13.
1257 1008 1323 1040 τοὺς
1337 1006 1438 1047 μηδὲν]
1454 1008 1520 1041 τοὺς
1541 1005 1597 1046 μὲν
1610 1006 1698 1046 μηδὲν

986 1058 1017 1078 ιι.
1032 1050 1134 1080 Bekk.
1180 1052 1233 1079 14.
1249 1048 1486 1090 ἀποδοκιμάζειν]
1504 1048 1696 1089 ἀποδοκίμαζε

987 1101 1017 1120 ιι.
1042 1091 1146 1121 Bekk.
1214 1097 1318 1130 antep.
1337 1091 1372 1121 ὢν
1389 1102 1450 1122 οιιι.
1471 1092 1502 1122 k.
1519 1103 1545 1122 r.
1611 1092 1695 1122 Ibid.

986 1133 1081 1174 αὐτῷ]
1096 1134 1182 1169 αὐτὸς
1193 1145 1220 1164 ιι.
1234 1134 1337 1164 Bekk.

1030 1177 1067 1206 P.
1084 1179 1155 1207 134.
1166 1182 1196 1208 2.
1212 1177 1345 1207 ἁπάντων
1359 1176 1426 1217 κτ.]
1438 1177 1572 1207 ἁπάντων
1582 1179 1638 1207 τῶν
1646 1189 1694 1208 κτ.

986 1219 1017 1248 k.
1030 1229 1056 1248 r.
1070 1229 1098 1248 u.
1113 1218 1215 1249 Bekk.
1261 1219 1342 1249 Ibid.
1352 1219 1494 1259 μεγίστην
1503 1231 1545 1250 σοι
1555 1231 1582 1249 ιι.
1594 1221 1697 1250 Bekk.

987 1263 1018 1290 3.
1034 1261 1178 1302 ποιήσειν]
1192 1263 1277 1291 ποιεῖν
1293 1273 1321 1291 ιι.
1337 1263 1439 1292 Bekk.
1492 1265 1522 1292 5.
1535 1261 1694 1303 παρῄνεσα]

988 1302 1128 1342 παρῇνεκα
1158 1315 1187 1333 ιι.
1215 1304 1318 1334 Bekk.
1383 1306 1415 1333 7.
1444 1304 1610 1344 ἀρχόμενος,
1634 1307 1694 1347 μὴ]

987 1345 1143 1386 ἀρχόμενος
1164 1347 1214 1376 τοῧ
1235 1346 1327 1384 λόγου,
1346 1347 1388 1385 μῆ
1412 1347 1445 1376 k.
1461 1348 1510 1375 τοῦ
1534 1346 1618 1384 λόγου
1636 1359 1696 1379 οιιι.

988 1388 1090 1418 Bekk.
1137 1392 1166 1419 8.
1180 1390 1260 1418 τσολῑι
1273 1400 1332 1419 οιιι.
1350 1399 1378 1418 ιι.
1425 1391 1455 1419 9.
1471 1388 1485 1419 ἢ
1501 1389 1571 1429 τῶν]
1586 1389 1600 1421 ἢ
1617 1392 1697 1430 παρὰ

988 1432 1041 1459 τῶν
1066 1441 1094 1460 ιι.
1113 1430 1217 1461 Bekk.
1276 1436 1377 1470 antep.
1401 1429 1447 1461 ἓοὶν
1463 1431 1570 1470 σφόδρα
1588 1432 1697 1474 χρήσῃ]

988 1471 1034 1502 ἐὰν
1053 1474 1144 1515 χρήσῃ
1167 1474 1212 1503 καὶ
1229 1473 1337 1514 σφόδρα
1355 1484 1383 1503 n.
1399 1473 1450 1503 κᾶν
1472 1474 1580 1514 σφόδρα
1594 1475 1651 1516 χρῇ
1667 1487 1697 1505 ιι.

990 1517 1089 1546 Bekk.
1133 1517 1216 1546 Ibid.
1229 1515 1374 1558 διαλίπῃς]
1392 1515 1538 1557 διαλείπῃς
1551 1528 1580 1547 u.
1600 1518 1700 1548 Bekk.

988 1569 1057 1597 pen.
1083 1558 1265 1601 κατατρίψῃς
1294 1570 1325 1589 n.
1391 1559 1472 1589 Ibid.
1497 1557 1612 1599 μείζους
1633 1560 1698 1602 καὶ]

986 1601 1101 1641 μείζους
1113 1613 1171 1631 om.
1181 1603 1213 1632 k.
1224 1603 1351 1632 n.Med.
1365 1602 1472 1633 Bekk.
1515 1603 1598 1635 Lbid.
1613 1603 1700 1639 οὔσας

988 1645 1080 1678 αὑτὰς
1104 1645 1244 1685 ποιήσεις]
1272 1645 1357 1679 οὔσας
1379 1655 1440 1674 om.
1455 1645 1486 1674 k.
1502 1644 1586 1679 οὔσας
1609 1646 1702 1680 αὐτὰς

989 1698 1047 1716 οιιι.
1068 1698 1099 1716 ιι.
1120 1688 1209 1717 Med.
1230 1689 1334 1718 Bekk.
1402 1688 1573 1717 Subscribit
1592 1699 1621 1717 u.
1636 1689 1702 1728 πρὸς

988 1729 1114 1760 νικοκλέα
1136 1731 1205 1769 ἰπερὶ
1223 1730 1374 1763 βασιλείας
1398 1729 1553 1762 ὺωοθῆκαι.
1571 1730 1703 1772 ὃεόδιυρος

988 1772 1056 1812 ἅμα
1073 1771 1232 1803 εὖσταθίωι.

807 1871 1127 1910 ΝΙΚΟΚΑΗΣ.

283 1952 320 1983 P.
334 1954 477 1984 135.Tit.
492 1954 846 1993 ETMBOTAETTIKOE]
860 1959 952 1984 zma-

241 2002 409 2027 ΜΛΧῙΚΟΣ
436 2008 464 2027 v.
479 2008 510 2027 x.
528 1998 599 2027 Ald.
623 2002 771 2027 ΚΎΠΡιοι
785 2007 812 2026 u.
828 1998 931 2027 Bekk.

285 2039 321 2069 P.
341 2042 412 2071 136.
427 2042 458 2071 3.
476 2039 626 2081 φεύγουσι]
651 2039 771 2078 ψέγουσι
784 2050 804 2079 p
816 2042 844 2070 8.
856 2042 887 2070 9.
903 2042 952 2069 10.

242 2084 294 2112 13.
312 2084 362 2113 15.
379 2094 404 2112 ι·.
422 2093 450 2113 ιι.
465 2083 567 2112 Bekk.
621 2084 708 2113 7.καὶ
722 2085 771 2113 τὴν
786 2082 954 2113 δικαιοσύνην

241 2125 387 2164 ἀσκοῦμεν
399 2137 457 2155 οιιι.
475 2137 502 2156 ι·.
556 2129 606 2155 11.
624 2128 679 2156 τῶν
696 2126 878 2164 πραγμάτων
889 2125 951 2155 τού-

241 2178 298 2197 των
312 2168 455 2198 u.Bekk.
516 2168 597 2198 Ibid.
609 2168 657 2210 δι’]
675 2167 740 2207 μεθ’
755 2179 780 2198 ι·.
798 2180 827 2198 ιι.
843 2179 903 2198 mn.
921 2179 953 2198 Χ.

242 2209 316 2239 Ald.
369 2215 419 2241 12.
438 2212 518 2241 ἀλλὰ
535 2210 741 2251 καταγορητὲον
756 2214 810 2241 τῶν
826 2222 849 2241 ι·.
902 2212 953 2241 15.

242 2252 332 2292 ὅπως]
350 2257 412 2289 πῶς
428 2265 453 2284 ι·.
520 2257 571 2284 17.
588 2253 811 2295 ἐξαπατῶντας]
824 2253 953 2294 ἐξαμαρ-

243 2296 379 2330 τάνοντας
392 2308 415 2326 ι·.
435 2308 463 2326 ιι.
477 2296 580 2326 Bekk.

289 2340 322 2368 1².
341 2341 413 2369 137.
431 2342 460 2369 2.
476 2340 546 2380 οὐδ’]
565 2339 659 2370 οὔτ’ῐ.
678 2350 708 2370 u.
721 2340 825 2370 Bekk.
871 2339 954 2369 Ibid.

244 2380 394 2423 τύπτοιεν]
417 2383 560 2413 τύπτουσι
578 2394 602 2413 r.
617 2394 645 2413 u.
658 2383 763 2412 Bekk.
827 2384 858 2413 3.
876 2383 955 2413 οἶίῡός

245 2425 403 2458 κτιννύντας
418 2426 482 2466 τὴν]
496 2424 710 2460 ἀποκτείνοντας
725 2425 767 2460 οὓς
780 2425 808 2454 οὐ
821 2425 864 2455 δεῖ
876 2427 924 2456 τὴν
933 2436 956 2455 r.

245 2476 275 2495 u.
294 2467 395 2497 Bekk.
455 2472 505 2498 10.
522 2468 674 2498 αἴσὸὀνται
692 2479 722 2498 ιι.
740 2468 844 2498 Bekk.
904 2471 955 2498 12.

245 2507 341 2550 ὄντων]
359 2509 466 2540 ἐνόντων
483 2523 506 2541 r.
520 2522 550 2541 u.
567 2511 668 2541 Bekk.
736 2511 819 2541 Ibid.
836 2510 896 2551 ζωῇ
909 2511 958 2541 καὶ

245 2551 329 2590 φύσει
351 2563 374 2582 r.
443 2556 494 2585 15.
515 2554 638 2594 πολλῷ]
664 2555 776 2584 πολλῶν
797 2564 826 2583 ιι.
854 2553 957 2583 Bekk.

247 2597 300 2625 ⁶30.
320 2594 471 2634 ᾠκήσαμεν
489 2608 517 2627 v.
536 2597 608 2626 Ald.
675 2599 726 2627 22.
743 2596 790 2625 καὶ
811 2597 889 2637 περὶ]
910 2597 957 2626 καὶ

247 2648 309 2667 οηι.
327 2649 356 2668 ιι.
377 2639 476 2668 Bekk.
522 2639 603 2669 Ibid.
620 2639 758 2679 καὶπερὶ]
776 2640 836 2678 περὶ
853 2650 913 2669 om.
929 2650 958 2669 u.

248 2680 351 2711 Bekk.
409 2681 462 2710 ιιίι.
479 2682 525 2710 καὶ
548 2682 616 2723 περὶ
632 2685 687 2712 τῶν
708 2681 777 2711 ἰδίων
795 2681 889 2723 Coun]
907 2682 955 2711 καὶ

246 2724 376 2764 περὶτῶν
389 2724 486 2754 ἄλλων
501 2724 583 2756 Βουλ.
601 2737 632 2754 x.
649 2725 719 2755 Ald.
740 2725 786 2754 καὶ
812 2726 880 2765 ’περὶ
902 2728 957 2754 τῶν

246 2765 319 2796 ἰδίων
332 2777 390 2796 om.
409 2777 432 2796 r.
447 2778 475 2796 n.
494 2767 590 2796 Bekk.

292 2811 329 2839 P.
351 2812 422 2841 138.
449 2813 478 2840 1.
505 2809 666 2848 δυναμένους
693 2809 782 2848 λέγειν
803 2821 832 2840 ιι.
855 2811 956 2841 Bekk.

247 2854 280 2882 6.
290 2851 336 2882 τὸν
348 2852 441 2892 λόγον]
457 2850 503 2882 τὸν
516 2863 575 2882 nm.
589 2863 617 2882 u.
628 2851 730 2882 Bekk.
778 2856 827 2883 10.
840 2852 885 2884 ἕδη
899 2864 958 2882 om.

248 2905 273 2925 ι·.
287 2906 314 2925 ιι.
382 2895 466 2926 Ibid.
490 2895 618 2936 πάντας]
638 2895 773 2929 ἅπαντας
798 2907 827 2925 ιι.
854 2896 956 2926 Bekk.

249 2941 302 2968 12.
324 2937 371 2966 καὶ
394 2936 584 2980 καλλίστους]
610 2937 657 2967 καὶ
677 2948 735 2967 om.
760 2949 788 2967 u.
809 2950 837 2967 ν.
859 2940 958 2968 Bekk.

249 2983 301 3011 16.
320 2979 384 3021 πρὸς
398 2980 485 3022 ἄρχ]
501 2980 567 3021 πρὸς
591 2982 655 3013 τοὺς
676 2980 746 3021 ἅρχ.
761 2991 788 3009 ιι.
811 2992 840 3010 ν’.
858 2981 957 3011 Bekk.

251 3026 300 3053 17.
316 3024 361 3053 καὶ
377 3026 430 3063 γὰρ
447 3024 507 3064 διὰ]
521 3025 566 3054 καὶ
578 3024 631 3064 γὰρ
649 3034 676 3053 ιι.
694 3025 737 3054 διὰ
748 3025 799 3062 γὰρ
818 3034 846 3053 ιι.
857 3024 958 3054 Bekk.

989 1954 1042 1984 19.
1071 1954 1150 1993 λόγον
1181 1965 1240 1984 om.
1271 1965 1295 1984 r.
1321 1965 1350 1985 u.
1373 1955 1476 1985 Bekk.
1545 1954 1629 1985 Ibid.
1653 1955 1703 1984 τοῦ

987 1996 1091 2036 ἰσοκρ.
1108 2008 1133 2026 ι·.
1187 2000 1237 2028 20.
1254 1996 1344 2027 ἐκεῖνα
1361 1997 1379 2027 ἃ
1396 2009 1421 2028 r.
1473 1999 1526 2029 24.
1543 1997 1703 2038 διαμαρτά-

988 2040 1076 2080 νοιτε]
1095 2040 1282 2080 διαμάρτοιτε
1298 2051 1323 2070 ι·.
1341 2052 1369 2071 ιι.
1391 2040 1494 2070 Bekk.
1562 2042 1614 2070 26.
1630 2039 1703 2078 γίγν.

989 2083 1126 2123 τοιοῦτον]
1144 2082 1215 2120 γίγν.
1232 2083 1339 2114 τούτων
1350 2094 1376 2113 r.
1392 2094 1423 2113 u.
1440 2083 1541 2113 Bekk.

1035 2126 1069 2155 P.
1091 2128 1163 2156 1:39.
1191 2129 1222 2156 2.
1248 2125 1512 2166 προσεπιδείξαιμι]
1537 2124 1729 2170 ωροεπιδεί-δ

990 2168 1077 2207 ξαιμι
1095 2180 1124 2198 ιι.
1140 2168 1244 2198 Bekk.
1310 2173 1340 2200 4.
1358 2169 1404 2198 καὶ
1420 2167 1561 2199 Εελτίστη
1577 2170 1632 2197 τῶν
1647 2168 1700 2198 ἄλ-

990 2212 1060 2252 λων]
1086 2210 1231 2243 Βελτίστη
1253 2213 1309 2241 τῶν
1330 2222 1355 2241 ι·.
1380 2222 1410 2241 ιι.
1432 2211 1533 2241 Bekk.
1607 2213 1637 2241 8.
1654 2211 1702 2241 οὐκ

990 2254 1069 2284 ἔστιν
1084 2253 1165 2286 δ’στις
1180 2254 1242 2294 οὐκ]
1257 2254 1301 2287 τίς
1316 2254 1364 2283 οὐκ
1379 2264 1404 2283 r.
1423 2265 1453 2284 u.
1467 2253 1570 2283 Bekk.
1648 2257 1699 2283 14.

990 2295 1211 2337 διορθώσασθαι]
1234 2296 1372 2336 διωρίσθαι
1388 2307 1415 2325 r.
1432 2307 1460 2326 ιι.
1478 2296 1582 2326 Bekk.
1650 2299 1700 2326 18.

991 2338 1037 2369 ἐὰν
1059 2338 1225 2378 μηδέτερος]
1251 2339 1279 2369 ἢν
1299 2338 1368 2378 μηδ’
1390 2338 1479 2379 ἕτερος
1501 2350 1525 2368 ι·.
1549 2349 1578 2368 ιι.
1601 2340 1699 2369 Bekk.

993 2385 1044 2412 21.
1062 2382 1177 2421 δευτέρῳ
1194 2382 1221 2411 δὲ
1243 2393 1273 2412 u.
1295 2381 1408 2421 δεύτερα
1424 2393 1449 2412 ι·.
1517 2381 1598 2412 Ibid.
1614 2381 1701 2422 τρίτῳ

995 2424 1022 2454 δὲ
1035 2425 1082 2454 καὶ
1100 2426 1232 2464 τετάρτῳ
1247 2425 1365 2457 καὶτοῖς
1382 2435 1407 2454 r.
1422 2435 1451 2455 u.
1503 2434 1572 2463 pen.
1583 2424 1630 2453 καὶ
1645 2425 1702 2463 μῆν

993 2468 1015 2497 εἰ
1032 2468 1088 2508 δεῖ]
1106 2468 1153 2496 καὶ
1169 2469 1226 2506 μὴν
1242 2467 1271 2498 δὴ
1288 2479 1312 2497 ι·.
1331 2466 1380 2497 καῖ
1394 2465 1448 2505 μὲν
1464 2466 1492 2498 δὴ
1509 2477 1539 2497 u.
1555 2467 1657 2497 Bekk.

1038 2511 1076 2541 P.
1099 2514 1169 2541 140.
1187 2514 1218 2540 1.
1235 2509 1363 2551 εὔξαιτο]
1383 2510 1496 2548 δέξαιτο
1510 2521 1535 2540 ι·.
1552 2520 1582 2539 ιι.
1599 2509 1701 2539 Bekk.

994 2556 1025 2584 2.
1042 2553 1178 2594 διαλήσῃ]
1196 2553 1325 2583 διαλῆσει
1342 2564 1372 2583 ιι.
1390 2563 1419 2582 v.
1437 2553 1539 2583 Bekk.
1605 2553 1637 2582 5.
1652 2552 1701 2581 καὶ

994 2595 1165 2637 δικαιοτέραν
1186 2595 1311 2637 δικαίως]
1338 2594 1385 2625 καὶ
1409 2594 1581 2634 δικαιοτέραν
1600 2605 1660 2624 om.
1681 2604 1701 2633 p

995 2642 1047 2669 10.
1065 2649 1089 2668 r.
1105 2650 1137 2669 u.
1155 2649 1185 2668 v.
1202 2639 1302 2669 Bekk.
1370 2638 1450 2668 Ibid.
1467 2637 1615 2678 κρίνοιμεν]
1633 2637 1701 2667 εῖναι

995 2682 1127 2722 κρίνοιμεν
1144 2692 1172 2711 ιι.
1187 2681 1289 2712 Bekk.
1350 2681 1461 2711 11.καὶ
1476 2679 1558 2720 πρδς]
1577 2680 1624 2708 καὶ
1641 2691 1700 2710 om.

991 2736 1017 2754 r.
1041 2736 1070 2754 u.
1093 2724 1197 2755 Bekk.
1263 2724 1347 2754 Ibid.
1364 2722 1548 2756 Βουλεῦεσθαι
1571 2733 1596 2751 r.
1619 2734 1648 2752 u.
1670 2733 1701 2752 v.

992 2767 1094 2798 Bekk.
1141 2767 1225 2797 Ibid.
1237 2767 1285 2797 καὶ
1298 2765 1363 2806 πρὸς
1374 2766 1424 2805 τὸ]
1440 2764 1504 2803 πρὸς
1515 2764 1548 2794 τὸ
1561 2775 1621 2795 om.
1633 2776 1659 2795 r.
1673 2776 1702 2795 ιι.

993 2810 1097 2840 Bekk.
1152 2813 1203 2840 17.
1217 2809 1260 2849 ἢν]
1275 2810 1297 2839 εἰ
1314 2821 1338 2840 ι·.
1386 2812 1438 2840 18.
1450 2809 1561 2848 ἔχουσιν
1572 2818 1597 2837 r.
1650 2811 1703 2838 21.

993 2854 1091 2883 πάντα
1115 2852 1158 2882 δεῖ
1178 2863 1210 2882 ιι.
1231 2852 1334 2883 Bekk.
1399 2854 1452 2881 24.
1468 2851 1529 2891 περὶ
1552 2851 1702 2891 ἁπάντων]

993 2897 1115 2926 «πάντων
1127 2906 1157 2926 ιι.
1167 2895 1270 2926 Bekk.
1316 2898 1420 2933 antep.
1429 2895 1469 2923 τοὶ
1480 2891 1580 2934 Cam]
1594 2895 1633 2923 τὰ
1643 2903 1703 2923 om.

995 2950 1024 2969 u.
1040 2940 1143 2969 Bekk.
1211 2938 1295 2968 Ibid.
1312 2936 1473 2976 ὑστεροῦσι]
1491 2935 1661 2977 ὑστερίζουσι
1679 2947 1703 2966 ι·.

996 2993 1024 3011 ιι.
1042 2982 1144 3012 Bekk.
1197 2992 1267 3020 pen.
1280 2979 1323 3010 δ’τι
1342 2979 1388 3009 τὸν
1403 2980 1541 3009 πλεῖστον
1556 2978 1612 3019 μὲν
1626 2989 1650 3008 ι·.

1042 3026 1076 3053 Ρ.
1099 3027 1167 3054 141.
1185 3026 1214 3053 ¹2.
1229 3022 1413 3062 Βουλομέιους
1428 3033 1451 3051 ι·.
1521 3026 1552 3054 5.
1570 3020 1636 3061 πρὸς
1650 3023 1701 3050 ἀλ-
