1924 3314
463 201 529 243 IN
560 201 914 245 ISOCRATEM
949 202 1272 244 DIATRIBAE.
1551 202 1603 243 13

146 310 285 364 Neque
304 324 395 350 vero
424 312 539 362 hujus
561 315 742 355 Isocratis
772 315 1034 366 Apolloniatae
1064 329 1157 353 esse
1178 316 1254 355 sibi
1282 316 1504 367 persuadet,
1531 317 1600 354 sed

143 374 275 424 potius
294 375 499 425 cujusdam
520 377 632 424 alius,
653 379 720 430 qui
744 379 887 417 sodalis
910 379 1090 430 Dionysii
1109 379 1394 419 Halicarnassei
1414 386 1454 418 et
1473 380 1601 418 Eche-

145 437 261 474 cratis
291 435 430 475 fuerit:
461 451 574 488 quem
595 440 851 478 Echecratem
869 440 1081 490 Dionysius
1097 440 1136 478 in
1155 454 1225 478 suo
1240 442 1290 478 de
1310 449 1391 480 arte
1409 442 1603 480 rhetorica

144 494 246 533 libro
265 499 502 547 compellans
520 500 584 547 (ad
605 514 691 538 eum
711 499 817 538 enini
832 501 933 538 bunc
954 501 1102 549 scribit)
1118 501 1169 538 ita
1189 501 1359 541 orditur:
1392 502 1603 552 Ἰσοκράτης

143 554 225 606 μὲν,
247 558 266 594 ὁ
286 557 354 600 σὸς
385 559 531 610 ἑταῖρος
550 563 610 598 καὶ
634 561 735 612 ἐμὸς,
755 557 784 599 ὦ
800 564 1035 613 Ἐχέκρατες,
1052 563 1151 612 ε’ἱπερ
1171 562 1269 599 ἄλλο
1284 579 1333 609 τι,
1352 566 1441 614 φησὶ
1463 571 1603 613 χρῆναι

145 623 337 666 προσεῖναι
364 626 440 664 τοῖς
477 622 690 665 σπουδαίοις
722 624 933 674 ἀνθρώποις
960 623 1015 670 (ἐν
1048 626 1092 677 τῇ
1119 627 1336 673 παραινέσει
1361 628 1405 675 τῇ
1430 624 1523 674 πρὸς
1541 624 1606 662 τὸν

141 677 386 730 Ἰππονίκου),
404 684 466 719 καὶ
478 685 544 728 τὴν
563 686 921 735 φιλοπροσηγορὶαν.
979 685 1075 722 Haec
1096 692 1224 722 autem
1243 685 1379 723 scribit
1397 685 1604 735 Dionysius

146 739 184 778 in
205 754 251 782 ea
277 741 363 779 libri
391 743 475 792 eJus
501 751 608 794 parte
638 746 701 782 cui
729 746 879 782 titulum
909 745 1017 790 fecit,
1036 744 1194 796 μέὲοὸος
1222 753 1602 798 προσψωνηματικῶν.

147 801 445 841 Observandum
476 811 535 841 est
570 817 686 852 porro
716 805 842 842 obiter
870 805 985 841 aliam
1005 818 1163 854 quoque
1183 819 1266 842 esse
1289 807 1505 852 lectionem,
1532 820 1605 857 pro

146 862 209 900 τὸν
225 864 455 909 Ἰππονίκου,
478 864 661 904 videlicet
680 865 743 902 τὸν
760 865 997 903 Ἱππόνικονε
1029 865 1096 902 sed
1121 878 1198 903 non
1227 866 1388 903 dubium
1421 874 1480 904 est
1511 868 1604 917 quin

142 923 356 963 Ἰππονίκου
376 924 626 962 scribendum
653 926 716 970 sit,
741 933 783 964 ut
811 926 1069 976 intelligamus
1095 927 1368 970 Demonimzm,
1390 927 1606 976 Hipponici

146 983 282 1025 filium.
339 986 457 1024 Adeo
472 993 515 1024 ut
534 987 638 1024 nulla
658 987 707 1025 de
728 987 828 1025 illius
849 988 1019 1033 nomine,
1041 987 1105 1025 cui
1131 988 1284 1026 dicatus
1310 988 1426 1026 suerit
1453 988 1607 1026 libellus

145 1045 233 1094 iste,
264 1048 388 1098 possit
412 1047 504 1085 oriri
534 1049 824 1087 controversia:
861 1048 964 1087 sicut
985 1049 1100 1087 etiam
1134 1049 1238 1087 nulla
1265 1051 1372 1088 nasci
1401 1057 1532 1100 potest
1557 1051 1606 1088 de

143 1106 234 1148 loco
254 1121 371 1159 quem
400 1109 612 1160 Dionysius
643 1110 778 1149 affert:
810 1123 931 1161 quum
951 1111 1053 1148 idem
1085 1111 1194 1149 locus
1217 1111 1254 1148 in
1280 1111 1451 1149 omnium
1470 1112 1607 1150 oculos

147 1171 278 1209 statim
309 1172 494 1219 incurrat,
525 1172 569 1212 in,
597 1179 731 1211 nostro
761 1173 811 1211 ad
849 1173 1109 1211 Demonicum
1142 1173 1334 1223 opusculo
1353 1177 1386 1221 ξ.
1407 1173 1450 1212 δ’.
1469 1177 1519 1225 τῷ
1536 1174 1606 1225 μὲν

147 1234 267 1285 τρόπῳ
286 1237 395 1282 γίνου
416 1236 758 1286 φιλοπροσὴγορος,
781 1238 829 1286 τῷ
848 1234 884 1272 δὲ
905 1237 1007 1286 λόγῳ
1037 1236 1325 1285 εὐπροσήγορος.
1382 1235 1606 1278 Quinetiam

147 1294 248 1340 haec,
284 1309 371 1346 quae
399 1297 534 1345 adjicit
569 1297 780 1348 Dionysius
810 1297 883 1334 illis
912 1311 1001 1347 quae
1031 1298 1143 1334 attuli
1171 1298 1312 1342 verbis,
1343 1297 1431 1348 ὅπερ
1457 1298 1536 1336 ἐστὶ
1567 1297 1609 1336 τὸ

146 1363 379 1408 προσφωνεῖν
396 1359 481 1400 τοὺς
496 1358 885 1408 ἀπαντῶντας,59(]υἰ
903 1359 968 1395 illo
989 1358 1123 1396 itidem
1146 1359 1182 1395 iu
1202 1359 1289 1395 loco
1311 1359 1495 1396 videmuS.
1525 1359 1607 1397 Ad-

140 1416 232 1466 jicit
259 1418 359 1456 enim
385 1419 610 1470 quicunque
643 1427 702 1457 est
735 1419 854 1457 libelli
885 1426 1047 1458 auctor:
1083 1420 1162 1457 ἔστι
1194 1419 1232 1456 ἑὲ
1262 1422 1608 1470 φιλοπροσηγορίας

144 1478 226 1529 μὲν,
243 1480 283 1518 τὸ
303 1487 535 1533 προσφωνεῖν
552 1483 633 1524 τοὺς
649 1483 910 1524 ἀπαντῶντας.
968 1481 1097 1524 Quum
1113 1494 1206 1530 ergo
1229 1480 1332 1518 nulla
1348 1481 1396 1518 de
1417 1481 1475 1518 his
1495 1481 1608 1518 rebus

148 1540 343 1579 dubitatio
373 1543 625 1592 relinquatur,
648 1550 823 1592 superest
846 1549 994 1580 tautum
1017 1550 1058 1579 ut
1081 1541 1308 1591 judicemus
1332 1542 1407 1580 utri
1439 1542 1568 1593 potius
1588 1557 1608 1580 e

148 1603 304 1640 duobus
321 1605 602 1654 posterioribus
615 1605 897 1655 adjudicandus
911 1605 961 1641 sit
975 1604 1036 1641 hic
1052 1603 1220 1642 libellus.
1255 1605 1434 1641 Muretus
1451 1604 1608 1654 quidem

147 1664 203 1700 illi
225 1665 402 1710 Isocrati,
424 1665 536 1714 cujus
551 1666 780 1703 mentionem
805 1665 896 1703 facit
920 1665 1145 1715 Dionysius,
1163 1665 1463 1703 adscribendum
1478 1666 1610 1716 potius

148 1733 281 1765 censet
311 1729 535 1778 (postquam
567 1728 667 1764 enim
702 1727 806 1764 illum
845 1727 1022 1776 Dionysii
1058 1726 1140 1775 ipse
1171 1740 1329 1777 quoque
1359 1727 1486 1764 locum
1517 1740 1611 1777 pro-

149 1787 296 1837 posuit,
309 1787 434 1837 addit,
450 1787 760 1837 ‘Harpocration
774 1794 901 1824 tamen
917 1786 1011 1836 quid
1027 1786 1076 1824 sit
1093 1787 1249 1829 ἐπακτὸς
1264 1787 1384 1837 ὅρκος,
1400 1787 1436 1824 id
1452 1795 1526 1832 est,
1543 1788 1612 1825 de—

146 1848 267 1886 latum
292 1848 584 1898 jusjurandum,
617 1861 829 1898 exponens,
863 1848 1077 1885 Isocratem
1114 1848 1403 1897 Apolloniatem
1433 1847 1519 1897 ejus
1560 1848 1610 1886 de

149 1923 227 1960 quo
239 1910 388 1961 agimus
403 1909 522 1948 libelli
538 1918 738 1947 auctorem
754 1909 868 1947 tacit:
892 1916 929 1946 at
946 1909 975 1946 is
992 1908 1129 1945 veteris
1144 1909 1242 1946 illius
1256 1909 1441 1947 Isocratis
1454 1909 1610 1947 auditor

149 1972 236 2018 fuit,
256 1979 299 2009 ut
319 1972 422 2022 apud
454 1972 608 2009 Suidam
634 1978 706 2008 est.
765 1970 842 2008 Sed
871 1970 991 2020 magis
1021 1983 1081 2006 me
1112 1983 1158 2007 ea
1187 1983 1277 2020 quae
1306 1983 1422 2020 supra
1449 1971 1609 2009 recitavi

150 2033 266 2071 verba
281 2032 459 2084 Dionysii
475 2031 691 2080 movent.'),
703 2045 748 2068 ac
765 2044 825 2068 me
843 2044 997 2081 quoque
1014 2030 1050 2067 in
1069 2031 1141 2068 liac
1156 2044 1240 2068 esse
1253 2031 1443 2068 sententia
1457 2030 1609 2072 fateor:

149 2107 280 2132 verum
308 2107 426 2144 quum
460 2093 604 2130 nullam
627 2091 689 2128 ille
717 2091 905 2129 rationem
940 2091 1089 2136 afferat,
1112 2105 1184 2140 ego
1216 2092 1312 2129 duas
1342 2092 1469 2130 afferri
1495 2105 1608 2142 posse

147 2155 339 2194 existimo.
374 2155 482 2192 Prior
496 2162 568 2200 est,
584 2153 788 2191 verisimile
805 2167 882 2190 non
897 2167 994 2198 esse,
1010 2153 1239 2203 Dionysium
1258 2154 1610 2201 Halicarnasseum,

148 2223 299 2256 tantum
326 2216 464 2261 virum,
483 2224 522 2254 et
553 2223 629 2253 tam
652 2215 879 2263 diligentem
909 2215 1042 2252 talium
1071 2228 1195 2252 reruni
1230 2215 1511 2264 inquisitorem,
1540 2228 1610 2265 po-

148 2280 264 2318 tuisse
288 2277 348 2316 hie
370 2277 464 2324 falli,
484 2277 698 2328 praesertim
730 2289 847 2326 quum
869 2276 899 2313 is
929 2289 1044 2327 quem
1073 2283 1270 2313 auctorem
1291 2275 1380 2314 libri
1401 2276 1504 2314 illius
1523 2290 1609 2314 esse

149 2340 361 2385 scribebat,
377 2351 452 2376 uon
467 2339 589 2375 solum
606 2346 723 2375 aetate
740 2351 809 2375 sua
826 2338 987 2382 viveret,
1009 2337 1076 2374 sed
1096 2336 1210 2374 etiam
1227 2336 1371 2375 sodalis
1386 2338 1467 2389 ejus
1482 2346 1607 2376 esset:

149 2410 269 2452 atque
299 2400 337 2438 id
369 2403 473 2450 (eum
494 2399 675 2437 videlicet
697 2412 781 2436 esse
811 2402 1025 2444 auctorem)
1055 2398 1275 2444 Echecrafi,
1296 2412 1368 2436 suo
1397 2399 1609 2449 discipulo,

148 2474 332 2513 tanquam
373 2475 453 2499 rem
487 2473 563 2498 non
603 2460 726 2498 solum
755 2459 1017 2498 controversia
1046 2467 1238 2496 carentem
1271 2460 1340 2497 sed
1371 2460 1609 2498 notissimam

151 2525 316 2563 diceret.
372 2523 570 2559 Posterior
588 2529 716 2559 autem
739 2521 839 2559 ratio
856 2529 927 2566 est,
945 2520 1036 2570 quia
1052 2534 1130 2570 quo
1152 2521 1302 2571 longius
1318 2534 1340 2558 a
1356 2522 1610 2559 vetustissimi

151 2586 330 2626 Isocratis
353 2584 500 2622 saeculo
516 2584 639 2622 abfuit
660 2584 723 2622 hic
744 2585 935 2621 Isocrates
955 2583 1132 2634 Dionysii
1147 2591 1186 2620 et
1206 2583 1431 2621 Echecratis
1451 2584 1609 2629 sodalis,

149 2662 197 2686 eo
218 2645 463 2685 verisimilius
484 2653 542 2683 est
561 2645 656 2683 illud
674 2645 902 2695 opusculum
920 2644 970 2683 ab
985 2658 1032 2681 eo
1049 2645 1238 2694 scriptum
1258 2657 1370 2682 esse:
1392 2652 1430 2682 et
1451 2645 1611 2695 quidem

150 2715 309 2760 propter
326 2706 394 2748 illa
411 2720 500 2758 quae
521 2706 558 2744 in
578 2719 625 2744 eo
643 2705 988 2744 animadvertenda
1011 2719 1094 2744 esse
1116 2706 1209 2744 (lixi.

201 2773 273 2820 (4.)
302 2771 362 2808 De
381 2769 512 2806 Titulo
539 2781 696 2818 quoque
718 2767 862 2806 moveri
883 2767 1003 2817 possit
1023 2769 1299 2814 controversia,
1319 2774 1446 2806 utrum
1467 2768 1498 2806 is
1527 2781 1610 2806 esse

151 2833 295 2872 debeat
325 2829 549 2877 Paraenesis,
568 2843 617 2867 an
649 2830 887 2868 Paraeneses.
943 2831 1001 2867 Ac
1024 2829 1124 2868 sicut
1152 2830 1189 2867 iu
1220 2829 1483 2879 praecedente,
1513 2830 1610 2866 Dio-

151 2893 300 2946 nysium
332 2891 491 2943 quidem
520 2892 570 2929 ab
604 2904 679 2928 una
713 2899 815 2929 stare
850 2899 974 2941 parte,
1013 2891 1363 2941 Harpocrationeui
1393 2891 1443 2928 ab
1474 2891 1610 2937 altera,

154 2956 330 3006 vidimus,
351 2955 403 2992 ita
422 2961 460 2991 et
493 2953 556 2991 hic
575 2953 751 2994 accidere
773 2951 958 2994 videmus.
1019 2952 1232 3002 Dionysius
1252 2951 1354 2991 enini
1375 2952 1415 2990 ἑν
1445 2955 1488 3006 τῇ
1514 2968 1608 3003 παρ-
