1924 3314
682 478 1364 537 CONJECTURA

879 607 936 634 DE
960 604 1171 634 TEMPORE

449 705 572 753 QUO
607 704 823 745 EDITUS
856 702 1125 743 VIDETUR
1158 698 1584 742 PANEGYRICUS

620 815 938 854 AUCTORE
986 815 1026 852 S.
1058 815 1100 852 F.
1132 813 1182 850 N.
1217 813 1424 850 MORO.

964 941 1085 948 ——

361 1036 508 1071 LOCUS
540 1034 737 1076 classicus,
764 1046 784 1069 e
814 1046 891 1082 quo
919 1040 1068 1080 tempus
1102 1031 1214 1079 liujus
1241 1030 1421 1067 orationis
1455 1028 1604 1066 definiri
1626 1029 1743 1066 debet

305 1096 431 1145 capile
452 1095 645 1131 XXXIX.
676 1094 865 1131 occurriI:
896 1093 1092 1135 Βασιλεὺς,
1127 1096 1351 1141 στρατεύσας
1378 1092 1433 1126 ἐπ’
1463 1091 1675 1139 Εὐαγόραν,
1692 1111 1744 1116 -—

305 1181 358 1187 —
372 1159 414 1194 οὺ
435 1155 586 1194 δύναται
606 1153 878 1205 περιγενέσθαι,
897 1156 982 1190 ἀλλ’
1002 1153 1066 1198 ἤδη
1092 1154 1125 1197 ἓξ
1149 1152 1210 1197 ’ἐτη
1240 1153 1474 1202 ἕιατὲτριφεν,
1491 1150 1591 1187 unde
1611 1162 1744 1187 neces-

306 1219 405 1254 sario
425 1218 609 1267 sequitur,
632 1216 907 1266 Panegyricum
938 1215 1080 1251 editum
1111 1227 1192 1251 esse
1222 1221 1329 1250 sexto
1359 1220 1423 1249 aut
1453 1210 1615 1260 septimo
1644 1224 1744 1249 anno

306 1279 410 1323 belli,
431 1279 480 1315 ab
500 1281 707 1315 Artaxerxe
729 1277 937 1314 Mnemone
966 1288 1053 1313 cum
1078 1276 1248 1323 Evagora
1277 1274 1386 1323 gesti,
1416 1280 1467 1319 et,
1497 1273 1527 1310 si
1548 1272 1744 1310 Diodorus

305 1339 457 1377 Siculus
485 1339 673 1385 audiatur,
703 1351 770 1388 per
799 1337 1025 1375 decennium
1055 1337 1176 1386 gesti:
1207 1336 1278 1373 etsi
1308 1347 1391 1372 eum
1421 1334 1458 1370 in
1486 1335 1558 1371 hoc
1589 1347 1746 1372 numero

305 1400 366 1447 vix
396 1399 626 1437 audiendum
660 1412 757 1444 esse,
792 1397 840 1434 ad
877 1397 1099 1447 Panegyrici
1134 1410 1167 1433 c.
1201 1399 1265 1433 39.
1303 1395 1445 1432 monui.
1503 1395 1617 1431 Initia
1655 1395 1745 1432 belli

303 1461 510 1510 dupliciter
549 1458 759 1498 constituta
793 1459 929 1508 reperi.
1002 1457 1197 1494 Diodorus
1237 1456 1426 1501 Siculus‚¹
1461 1456 1671 1493 Calvisius²
1705 1463 1744 1493 et

307 1521 548 1559 Dodwellus³
566 1521 614 1558 ad
645 1533 783 1557 annum
814 1519 1025 1556 secundum
1061 1518 1303 1568 Olympiadis
1330 1517 1497 1554 XCVII.
1517 1518 1744 1563 retulerunt,

304 1589 344 1620 ut
370 1584 468 1620 adeo
489 1582 609 1620 editio
629 1581 855 1631 Panegyrici
885 1581 922 1617 in
954 1592 1092 1616 annum
1123 1579 1275 1615 tertium
1300 1585 1367 1615 aut
1387 1584 1562 1627 quartum
1583 1578 1742 1629 Olymp.

304 1643 491 1681 XCVIII.
511 1643 668 1680 incidat.
724 1641 967 1691 Chytraeus,⁴
988 1652 1204 1690 quanquam
1227 1640 1346 1689 ipsius
1367 1639 1453 1676 anni
1474 1652 1649 1678 numeros
1668 1652 1743 1677 non

301 1705 501 1755 expressit,
523 1718 569 1742 eo
590 1712 715 1742 tamen
745 1704 834 1741 loco
865 1703 1025 1740 inseruit
1046 1705 1280 1739 mentionem
1302 1702 1415 1751 hujus
1433 1702 1536 1747 belli,
1561 1709 1602 1740 ut
1621 1702 1746 1741 videa-

301 1773 363 1802 tur
382 1765 608 1816 Olympiadi
636 1765 802 1802 XCVII.
823 1769 861 1802 et
882 1763 1070 1801 XCVIII.
1091 1763 1319 1800 attribuisse.
1377 1762 1581 1811 Scaliger,⁵
1610 1763 1677 1812 qui
1706 1763 1743 1801 iu

301 1827 473 1864 versione
494 1827 698 1864 Eusebiani
721 1825 903 1863 Chronici
933 1825 980 1861 ad
1002 1824 1161 1874 Olymp.
1184 1824 1373 1862 XCVIII.
1396 1830 1565 1862 notatum
1592 1837 1743 1875 repere-

299 1894 380 1926 rat:
431 1888 631 1939 Evagoras
659 1888 702 1923 in
725 1886 903 1936 furorem
934 1898 1072 1930 versus,
1102 1897 1216 1935 quum
1248 1891 1433 1936 regnaret
1463 1886 1611 1935 Cypri.-
1659 1886 1744 1924 haec

300 1950 433 1986 Latina
452 1949 613 1999 primum
633 1961 679 1985 ex
700 1946 855 1984 Eusebii
876 1946 1042 1990 Graecis,
1068 1947 1131 1982 ubi
1161 1946 1282 1991 ἐξέστη
1303 1947 1343 1992 (i.
1361 1959 1395 1983 e.
1415 1946 1630 1997 ἐξεχώρησε)
1651 1946 1744 1984 scri-

298 2017 404 2061 ptum
435 2017 505 2056 est,
537 2016 640 2048 recte
670 2008 899 2060 corrigenda
927 2008 1090 2051 censuit,
1109 2015 1147 2044 et
1178 2008 1225 2044 de
1256 2007 1453 2044 deditione
1475 2008 1609 2045 insulae
1631 2021 1742 2046 acce-

304 2074 374 2124 pit,
404 2085 479 2122 qua
499 2072 614 2116 omni,
636 2078 777 2121 praeter
801 2070 1004 2115 Salamina,
1030 2073 1189 2107 cesserat
1214 2069 1445 2120 Evagoras:
1473 2069 1614 2107 deinde
1644 2083 1745 2107 anno

306 2141 443 2184 quarto
475 2134 632 2183 Olymp.
661 2131 846 2169 XCVIII.
874 2129 988 2168 finem
1023 2130 1113 2167 belli
1147 2131 1288 2180 posuit,
1311 2137 1479 2176 secutus,
1510 2137 1552 2168 ut
1582 2131 1745 2178 videtur,

307 2207 390 2231 eam
424 2195 621 2240 rationem,
646 2206 762 2243 quam
792 2191 1026 2242 sequendam
1064 2204 1146 2228 esse
1184 2192 1265 2240 ipse
1298 2191 1488 2229 Isocrates
1525 2192 1675 2239 suadet,
1703 2200 1746 2230 ut

307 2255 355 2291 ad
385 2268 420 2292 c.
446 2259 508 2294 39.
541 2254 633 2292 dixi.
700 2254 800 2291 Nam
828 2254 859 2290 si
887 2252 1047 2290 Diodori
1077 2252 1196 2289 Siculi
1229 2251 1456 2290 decennium
1494 2260 1596 2290 esset
1633 2266 1745 2292 verus

308 2329 508 2354 numerus:
539 2315 863 2365 efficeretaliquot
881 2314 988 2351 annis
1001 2313 1253 2363 antiquiorem
1272 2313 1565 2364 Panegyricum,
1579 2327 1745 2365 eumque

307 2390 407 2414 anno
427 2384 566 2427 quarto
587 2377 742 2427 Olymp.
764 2376 929 2414 XCVII.
950 2382 1015 2413 aut
1036 2375 1158 2425 primo
1178 2375 1333 2426 Olymp.
1354 2376 1541 2413 XCVIII.
1561 2377 1745 2427 assignari

301 2440 482 2489 juberet:
514 2440 659 2477 etiamsi
680 2446 754 2476 tam
774 2439 950 2489 exiguum
972 2438 1175 2475 discrimen
1193 2438 1228 2474 in
1251 2439 1313 2475 illa
1333 2446 1547 2488 temporum
1559 2446 1746 2478 vetustate

306 2514 353 2538 eo
375 2501 497 2538 minus
517 2500 665 2538 attendi
681 2500 855 2546 deberet,
878 2513 956 2550 quo
972 2499 1093 2536 minus
1113 2498 1259 2536 definiri
1282 2500 1392 2549 plane
1412 2506 1552 2550 potest,
1573 2501 1746 2551 aliusque

307 2562 456 2599 videtur
475 2569 626 2611 tempus
647 2562 736 2599 belli
754 2561 886 2611 coepti,
904 2561 1000 2598 alius
1020 2559 1168 2598 consilii
1191 2560 1270 2598 initi
1291 2567 1330 2598 et
1349 2562 1482 2611 primae
1502 2562 1746 2613 occultaeque

307 2623 512 2660 molitionis
529 2629 691 2660 notasse.
747 2623 876 2666 Quum
897 2635 986 2672 ergo
1006 2621 1168 2672 plurium
1183 2623 1385 2661 senteutiae
1405 2629 1530 2660 tamen
1549 2623 1641 2660 satis
1654 2636 1746 2674 pro-

307 2683 451 2734 pinqua
480 2683 533 2720 rei
559 2689 676 2733 gestae
699 2690 870 2733 tempora
899 2684 1082 2728 indicent,
1103 2696 1178 2720 non
1209 2690 1352 2721 temere
1382 2690 1603 2732 statuemus,
1627 2685 1745 2723 Pane-

306 2745 480 2793 gyricum
500 2743 560 2781 vel
579 2743 809 2794 Olympiade
831 2744 998 2782 XCVII.
1019 2744 1077 2780 vel
1098 2743 1287 2780 XCVIII.
1308 2744 1492 2794 scriptum
1512 2758 1606 2782 esse.
1663 2746 1747 2784 Sal-

308 2812 384 2842 tem
415 2805 500 2851 hoc,
520 2805 590 2842 nisi
618 2805 879 2853 chronologis,
912 2805 977 2855 qui
1009 2817 1085 2842 rem
1116 2805 1297 2842 consulto
1330 2811 1557 2851 tractarunt,
1588 2806 1746 2844 nimium

352 2890 360 2908 ¹
380 2892 413 2920 L.
434 2893 481 2920 14.
511 2901 540 2929 p.
557 2892 629 2919 716.
656 2890 704 2918 ed.
729 2888 863 2918 wessei.
887 2890 935 2919 Cf.
951 2890 1008 2919 Us—
1086 2888 1098 2906 ³
1122 2889 1326 2928 chronologia
1341 2881 1543 2928 Xenophont.
1560 2889 1585 2929 §.
1601 2893 1653 2921 20.

307 2933 381 2962 serii
399 2934 529 2962 Annales
549 2943 579 2970 p.
598 2933 667 2962 1:36.
1086 2932 1097 2950 ⁴
1120 2932 1324 2970 chronologia
1342 2933 1487 2970 Xenoph.
1503 2942 1535 2971 p.
1553 2935 1625 2964 192.

351 2975 363 2993 ²
387 2977 420 3004 In
435 2976 537 3014 Opere
555 2975 697 3004 Clu-onol.
715 2976 826 3012 p,272,
1086 2977 1098 2994 ⁵
1122 2975 1168 3004 Ad
1188 2975 1302 3004 Euseb.
1319 2974 1432 3004 Chi-on.
1448 2985 1496 3004 an.
1516 2978 1608 3007 16:30.
1624 2987 1655 3016 p.
1675 2979 1745 3008 123.
