1914 3314
582 202 1208 254 ΠΑΝΑΘΗΝἈΙΚΟΣ.

1503 200 1610 257 497

171 341 383 390 μεστους,
412 344 472 379 οις
497 320 534 373 οἱ
561 318 726 373 πολλοι
757 320 936 390 μᾶλλον
964 317 1207 414 χαίρουσιν
1229 318 1258 380 ἡ
1292 327 1378 378 τοῖς
1407 341 1503 412 περι
1533 320 1611 382 τῆς

175 394 322 453 ati-ram
345 416 560 470 σωτηξιας
591 393 858 467 λεγομένοις,
884 392 975 447 ου’ὃε
1009 417 1111 452 τους
1143 417 1231 452 τας
1260 393 1471 452 παλαιοὶς
1492 393 1608 475 προί-

175 530 420 560 adolescentibus
435 530 536 567 modo,
549 541 607 561 non
624 530 695 561 item
710 530 759 566 iis,
773 529 824 570 qui
840 531 878 560 ad

176 571 294 602 virilem
318 578 436 603 aetatem
458 579 673 613 pervenerunt,
697 574 757 603 ista
779 573 879 603 studia

178 615 341 645 convenire
364 617 445 646 dico.
469 617 528 646 His
550 617 617 646 aliae
639 617 750 656 potius*
768 627 831 651 reS,
847 621 879 646 et

177 658 298 696 quidem
310 659 457 695 utiliores,
466 669 547 689 eurae
558 664 657 694 sunto,
668 669 704 689 ne
717 659 747 688 in
759 660 877 689 caeteris

177 699 251 730 vitae
264 702 393 739 negotiis
409 702 609 740 imperitiores
621 702 681 731 sint
695 712 783 741 quam
797 702 878 732 servi

179 748 211 771 ot.
229 744 259 773 in
281 744 410 783 privatis
430 744 647 782 congressibus
668 744 764 784 inepti
780 749 812 774 et
827 745 878 774 vix

176 786 362 816 tolerabiles.
376 786 455 827 (ια’.)
477 788 643 817 Contemno
654 787 753 827 igitur*
762 797 880 817 omnem

179 834 285 864 artem,
310 829 475 859 doctrinam
504 830 738 869 facultatemque
764 839 879 866 eorum,

179 872 232 910 qui
257 873 447 910 negotiorum
470 872 501 901 iu
524 873 587 902 vita
609 872 758 902 communi
782 872 880 911 ignari

180 918 268 952 sunt3
291 915 434 950 secundo,
455 914 510 953 qni
530 924 597 944 cum
617 915 788 952 hominibus
812 925 880 944 ver—

181 957 265 986 sandi
287 961 383 985 artem
404 966 463 985 non
485 957 614 992 callent,
634 956 738 993 tertio,
753 956 805 995 qui
822 957 879 986 sibi

178 998 256 1038 ipsis
267 999 419 1046 imperare
428 1002 596 1036 nequeunt3
619 1003 726 1036 quarto
738 998 880 1036 denique,

179 1041 232 1079 qni
241 1040 489 1071 moderationeac
500 1041 668 1079 prudentia
671 1046 786 1070 carent.
797 1039 862 1081 (ιβ’.
867 1040 881 1081 )

180 1084 230 1113 De
259 1082 387 1112 Homeri
409 1083 659 1122 reliquorumque.
679 1084 882 1122 poematibus,

177 1130 508 1165 quormncontemptus
519 1126 744 1164 mihiobjectus
760 1131 820 1160 est,
834 1126 881 1155 di·

176 1177 247 1198 cere
265 1168 387 1207 quidem
405 1168 508 1205 velim,
527 1168 583 1198 sed
601 1169 788 1207 praefationis
807 1168 881 1198 fines

175 1212 239 1250 jain
254 1221 274 1240 a
286 1221 335 1241 me
348 1216 582 1250 praetergressos
598 1221 668 1242 esse
684 1212 784 1247 video,
794 1211 881 1240 ideo·

177 1264 235 1293 que
258 1254 324 1283 baec
344 1253 375 1284 in
398 1254 481 1284 alind
503 1259 622 1293 tempus
646 1254 827 1289 differenda,
849 1259 881 1284 et

176 1297 370 1335 gravioribus
385 1297 425 1326 de
440 1297 532 1328 rebus
548 1298 611 1335 jam
632 1297 796 1327 dicendum
810 1298 881 1326 erit.

177 1338 259 1381 (ιγ’.)
281 1340 327 1369 De
342 1340 495 1370 beneficiis
510 1340 602 1379 igitur
617 1340 810 1374 Athenarum,
826 1340 880 1369 sed

178 1382 239 1413 alia
257 1383 384 1418 ratione,
405 1393 494 1422 quam
514 1384 544 1413 in
565 1383 753 1422 Panegyrico
772 1383 882 1412 factum

179 1430 238 1461 est,
251 1424 418 1463 disseram;
439 1436 506 1456 nam
520 1425 562 1455 ibi
574 1425 674 1455 obiter
687 1430 814 1460 tantum,
825 1425 882 1455 hoc

179 1468 250 1497 loco
269 1468 407 1497 consulto
428 1469 466 1498 de
487 1468 597 1498 iisdem
622 1469 737 1508 loquar.
783 1470 883 1507 Quam

181 1520 271 1549 quarn
281 1521 354 1541 vero
366 1512 460 1550 probe
476 1511 553 1547 scio,
568 1522 654 1551 quam
668 1516 814 1551 provecta
827 1512 883 1541 sim

182 1557 283 1589 aetate,
299 1559 331 1583 et.
345 1558 456 1592 quanta
465 1555 503 1584 de
514 1565 546 1584 re
557 1555 661 1584 dicere
672 1565 771 1589 coner,
781 1562 885 1592 qnam-

181 1607 240 1635 que
259 1596 382 1626 diffinite.
401 1597 452 1633 sit,
470 1597 557 1627 sactis
577 1602 609 1627 et
631 1597 833 1637 magnitudine
856 1601 886 1626 et

181 1639 387 1680 pulcritudine
398 1640 621 1670 excellentibus
635 1641 740 1670 laudes
753 1650 889 1679 aequare3

182 1687 280 1712 tameo
296 1682 406 1721 partim
420 1683 459 1712 ob
471 1689 660 1713 accusatores
671 1684 767 1718 urbis,
779 1683 888 1722 partim

184 1725 223 1755 oh
238 1725 355 1755 inertes
377 1725 550 1755 laudatores
571 1727 718 1765 ejusdem,
739 1726 888 1765 imprimis

183 1773 285 1798 antem
301 1768 340 1797 ob
360 1772 478 1798 aetatem
495 1779 604 1805 meam,
618 1779 697 1808 quae,
713 1769 739 1798 si
753 1779 802 1798 res
821 1779 889 1798 suc·

184 1810 322 1845 cesserit,
338 1810 477 1849 gloriam,
491 1811 516 1841 si
533 1813 630 1842 minus
647 1811 821 1850 contigerit,
839 1822 889 1840 ve-

184 1852 266 1884 niam
281 1863 402 1892 sperare
416 1855 499 1889 facit,
514 1855 552 1891 ab
568 1854 701 1893 incoepto
727 1864 785 1883 non
808 1854 890 1883 desi·

187 1895 328 1931 stendum
342 1897 534 1935 essejudico.
557 1896 636 1938 (ιδ’.)
660 1897 722 1934 Qui
735 1897 890 1927 civitatem

187 1938 321 1978 aliquam.
333 1938 393 1968 rite
414 1940 590 1976 laudaturus
611 1945 669 1976 est,
686 1950 754 1969 eum
771 1944 891 1979 oportet

187 1981 275 2012 aliam
306 1991 431 2020 eamque
459 1982 587 2014 similem
617 1993 805 2021 comparare,
831 1992 890 2021 quo

188 2024 369 2054 excellentia
404 2024 487 2054 illius
512 2036 561 2054 veo
596 2026 694 2064 magis
725 2029 891 2064 appareat3

188 2067 299 2106 quodsi
314 2066 382 2105 quis
401 2067 509 2097 feeerit
524 2072 716 2107 nostramque
736 2069 891 2098 civitatem

187 2119 256 2139 cum
274 2109 571 2140 Lacedaemoniorum
591 2112 718 2141 civitate
738 2121 892 2150 compara-

188 2153 279 2188 verit,
295 2153 322 2182 is
337 2158 466 2182 nostram
486 2157 515 2183 et
531 2154 664 2192 potentia
681 2160 712 2191 et
733 2155 823 2185 rebus
841 2162 891 2193 ge-

188 2195 245 2225 stis
256 2196 471 2235 beneficiisque
483 2196 512 2225 in
527 2197 651 2227 Graeoos
663 2197 794 2227 inveniet
802 2197 892 2236 longe

188 2238 386 2278 superiorem.
402 2237 477 2280 (ιε’.)
495 2238 692 2276 Confirmatio.
711 2241 892 2270 Veteracer-

188 2281 301 2311 tamine
312 2281 446 2317 mittens,
463 2282 500 2311 ab
513 2293 549 2319 eo
565 2288 701 2322 tempore
717 2283 836 2312 initium
850 2284 892 2312 sa-

188 2324 276 2359 oiam,
291 2334 351 2363 quo
365 2325 589 2355 Lacedaemunii
603 2326 672 2355 illas
685 2327 828 2365 regiones
843 2337 894 2356 oc·

188 2371 351 2408 enparuut,
363 2367 394 2396 in
413 2368 522 2407 quibus
539 2374 646 2408 postea
662 2369 845 2404 habitarunt,
862 2373 895 2398 ut

188 2414 345 2449 appareat,
360 2410 588 2441 Atheniensium
601 2413 728 2450 majores
738 2413 812 2442 istas
823 2422 893 2441 con-

188 2453 398 2483 traBai-baros
412 2453 587 2484 inimicitias
602 2455 775 2491 retinuisse,
789 2465 865 2494 quas
879 2465 895 2483 a

190 2495 319 2534 Trojano
344 2497 423 2526 bello
447 2502 658 2536 conceperant.»
682 2497 765 2538 (ις’.)
793 2498 894 2537 Atque

189 2539 288 2578 primo
310 2539 460 2577 Cycladas
483 2539 599 2569 insulas
621 2540 750 2570 Caribus
774 2541 895 2580 eripue-

190 2586 263 2611 runt
277 2583 517 2620 Graecorumque
533 2583 740 2620 egentissimis
756 2582 896 2613 colendas

191 2624 392 2655 tradiderunt.
422 2625 541 2655 Deinde
561 2626 708 2655 Graeciam
727 2636 830 2656 versus
845 2626 896 2656 Io-

191 2667 274 2697 nium
298 2673 329 2697 ct
351 2668 490 2707 AEgaeum
515 2678 596 2698 mare
622 2668 766 2699 Barbarie
790 2670 896 2708 ejectis

193 2709 368 2745 dilatarunt,
378 2711 408 2740 in
426 2716 551 2750 utraque
566 2721 619 2741 ora
634 2712 744 2741 multas
759 2722 896 2751 magnas-

193 2761 253 2791 que
268 2754 359 2782 urbes
375 2754 558 2792 condentes;
586 2755 805 2785 Lacedaemonii
827 2765 897 2784 con-

194 2799 252 2830 m,
263 2800 376 2825 tantum
388 2796 494 2832 abfuit,
511 2801 543 2826 ut
559 2795 710 2828 Barbaros
722 2798 900 2827 invaderent

197 2838 374 2877 Graeoisqne
396 2840 617 2874 benefacerent,
638 2845 673 2870 ut
693 2841 794 2875 etiam,
820 2841 898 2880 agri-

197 2879 315 2910 nultum
319 2880 465 2921 ,opificiis
480 2884 660 2922 eaeterisque
674 2883 814 2913 omnibus
829 2894 898 2923 neg

197 2921 298 2957 lectis,
319 2933 423 2955 omnes
450 2925 653 2966 Peloponnesi
673 2926 814 2956 civitates
840 2927 899 2957 sin

199 2964 326 3004 galatim
348 2976 535 3007 oppugnare,
562 2979 674 2999 vexare
704 2975 900 3009 evertereque

200 3016 257 3037 non
272 3006 462 3046 desisterent,
478 3021 537 3041 una
557 3012 741 3052 Argivorum
758 3013 830 3042 urbe
845 3023 900 3043 eat-

911 536 1008 570 cepta.
1031 531 1232 562 Athenienses
1243 532 1334 571 igitur
1347 534 1506 570 Graeciam,
1516 534 1611 563 Laee-

910 574 1053 604 daemonii
1080 585 1163 604 suarn
1194 580 1307 605 tantum
1334 576 1489 606 civitatem
1519 586 1610 605 auxe-

911 621 999 647 runt:
1014 617 1059 647 illi
1073 617 1215 656 inopibus
1225 616 1344 648 Graecis
1360 620 1451 648 urbes
1462 628 1611 658 agrosque

913 659 1112 690 Barbarorum
1132 660 1339 698 tradiderunt3
1365 661 1394 690 hi
1415 661 1534 692 Graecis
1557 671 1613 690 sua.

912 703 1029 742 eripere
1057 713 1115 732 non
1145 704 1337 733 erubuerunt.
1384 703 1464 745 (ιζ’.)
1494 705 1613 734 Exorto

912 746 1021 775 deinde
1038 745 1161 776 Persico
1176 747 1266 782 bello,
1280 746 1312 775 in
1322 757 1381 786 quo
1396 747 1516 777 Xerxes
1531 747 1614 776 millo

913 792 945 818 et
971 789 1118 820 ducentas
1142 788 1280 819 triremes
1303 794 1334 819 et
1351 789 1466 828 septies
1487 795 1614 820 centena

914 831 1010 861 millia
1023 831 1159 869 peditum
1168 837 1322 871 coegerat,
1335 833 1507 870 Spartiatae,
1518 832 1615 862 omni—

914 874 973 902 hus
994 873 1225 913 Peloponnesiis
1242 875 1438 913 imperantes,
1452 875 1491 904 ad
1508 875 1615 904 navale

913 915 1055 954 proelium
1070 917 1176 946 decem
1193 922 1307 946 tantum
1327 917 1465 946 triremes
1477 917 1615 946 contule·

913 962 1001 995 runt;
1033 962 1149 995 patres.
1165 968 1240 989 vero
1264 959 1373 996 nostri,
1396 960 1469 988 urbe
1498 960 1617 993 relicta,

914 999 1017 1038 plures
1042 1009 1135 1029 naves
1159 1009 1272 1039 easque
1291 1000 1432 1039 pluribus
1453 1001 1550 1040 copiis
1571 1001 1617 1030 in-

913 1046 1045 1072 structas
1061 1044 1266 1081 praebuerunt,
1287 1053 1375 1082 quam
1391 1043 1527 1073 universi
1546 1043 1617 1074 reli·

914 1084 966 1123 qui
981 1094 1041 1114 uua
1050 1085 1260 1125 proeliantes„
1281 1086 1336 1116 Illi
1348 1086 1550 1125 Eurybiadam
1562 1087 1618 1117 du-

914 1137 991 1162 cem,
1006 1129 1104 1163 nostri.
1116 1128 1351 1159 Themistoclem
1365 1130 1522 1164 miserunt,
1531 1131 1619 1168 cujus

913 1170 1041 1208 imperio
1059 1170 1159 1200 omnia
1177 1171 1222 1201 ita
1235 1182 1385 1211 prospere
1397 1176 1621 1208 successerunt,

914 1213 1066 1252 ntiisqui
1085 1215 1285 1253 periculorum
1301 1214 1378 1245 socii
1401 1216 1530 1250 fuerant,
1546 1215 1620 1245 ade-

915 1261 1001 1295 ptum
1039 1257 1278 1287 Lacedaemoniis
1313 1257 1474 1297 imperinm
1507 1257 1622 1287 nostris

916 1299 995 1328 ultro
1015 1300 1190 1329 traderent-1
1202 1300 1284 1341 (anf.)
1295 1301 1407 1330 Postea
1425 1300 1575 1340 contigit,
1587 1305 1622 1330 ut

918 1342 1215 1376 Lacedaemoniorum
1244 1353 1375 1382 quoque*
1391 1343 1500 1373 civitas
1530 1343 1622 1373 maris

917 1385 1046 1423 imperio
1065 1385 1228 1424 potiretur,
1250 1386 1281 1415 in
1302 1397 1363 1426 quo
1383 1386 1621 1416 administrando

918 1427 1138 1457 Lacedaemonii
1163 1429 1329 1468 majoribus
1352 1430 1477 1464 uostris,
1505 1429 1564 1460 etsi
1590 1433 1623 1459 et

918 1470 974 1500 hos
982 1480 1041 1500 non
1049 1471 1170 1506 otnnino
1181 1472 1284 1508 laudo,
1291 1482 1349 1501 non
1358 1472 1456 1502 minus
1465 1472 1623 1504 inferiores

919 1517 999 1553 sunt,
1009 1523 1098 1553 quam
1109 1513 1139 1543 in
1151 1519 1238 1545 antea
1249 1515 1506 1546 commemoratis:
1528 1514 1624 1545 nostti

920 1557 998 1586 enim
1018 1563 1121 1595 patres
1143 1558 1236 1587 sociis
1256 1562 1426 1594 suaserunt,
1448 1563 1483 1588 ut
1497 1559 1625 1588 eandem

920 1599 1098 1638 reipublicae
1112 1600 1250 1634 formum,
1262 1611 1322 1640 qua
1338 1601 1399 1640 ipsi
1415 1606 1562 1640 perpetuo
1575 1601 1626 1631 usi

921 1642 1053 1678 fueraut,
1089 1643 1343 1682 amplecterentur
1357 1654 1365 1679 ·,
1404 1643 1626 1678 Iaeacedaemonii

922 1689 1028 1714 contra
1055 1695 1162 1715 novam
1188 1696 1319 1725 prorsus
1348 1686 1389 1715 iis
1418 1688 1626 1721 obtruserunt,

923 1729 1028 1758 decem
1041 1728 1121 1757 viros
1133 1729 1263 1768 singulis
1277 1729 1400 1759 urbibus
1415 1728 1626 1769 praeficientes,

924 1771 987 1809 qui,
1003 1771 1082 1809 quod
1104 1771 1183 1800 inter
1202 1782 1306 1802 ornnes
1325 1777 1459 1807 constat,
1479 1772 1629 1811 injustitia

923 1814 1151 1852 rapacitateqne
1163 1824 1221 1845 non
1237 1819 1352 1845 tantum
1365 1825 1397 1844 se
1408 1825 1540 1854 suosque
1551 1814 1627 1844 ami—

925 1867 978 1886 cos
1013 1866 1143 1895 suusque
1177 1858 1292 1896 patrias
1327 1857 1537 1897 perdiderunt,
1572 1857 1628 1887 sed

925 1899 1171 1929 Lacedaemonios
1185 1900 1273 1930 etiam
1287 1901 1317 1930 in
1332 1901 1478 1930 maximas
1489 1900 1629 1932 miserias

923 1943 1127 1981 conjecerunt.
1150 1941 1231 1983 (16‘.)
1247 1943 1328 1973 Hine
1350 1942 1553 1973 Athenienses
1571 1943 1628 1973 im—

924 1986 1043 2024 perium
1068 1985 1142 2015 illud
1165 1986 1296 2025 quinque
1311 1991 1344 2015 et
1361 1987 1516 2025 sexaginta
1532 1986 1631 2016 conti·

924 2038 1000 2057 nuos
1023 2038 1125 2068 annos,
1141 2029 1301 2067 Spartiatae
1317 2039 1390 2059 vero
1409 2029 1490 2059 idem
1507 2029 1560 2059 vix
1575 2029 1630 2058 de-

924 2081 990 2100 cem
1028 2081 1121 2100 annos
1157 2077 1326 2101 tennerunt.
1386 2072 1502 2102 Deinde
1537 2081 1631 2111 quum

926 2114 1044 2153 utrique
1064 2115 1192 2153 imperio
1213 2116 1268 2144 hoc
1291 2114 1383 2144 invisi
1406 2114 1478 2146 sacti
1501 2114 1530 2144 in
1552 2115 1632 2144 bella

925 2162 1014 2196 atque
1030 2158 1178 2187 tumultus
1191 2157 1381 2192 incidissent,
1397 2163 1499 2187 nostra
1518 2157 1631 2188 civitas

925 2201 1100 2238 conjunctas
1146 2201 1321 2230 Graecorum
1367 2201 1631 2239 Barburornmque

926 2243 1008 2273 vires
1024 2253 1079 2282 per
1091 2244 1197 2272 decem
1208 2253 1300 2273 annos
1317 2243 1473 2278 sustinuit,
1489 2244 1630 2274 Laoedae-

926 2286 1017 2315 monii
1033 2290 1131 2315 autem
1150 2296 1207 2315 uno
1223 2290 1336 2315 tantuin
1351 2296 1369 2315 a
1383 2286 1458 2315 solis
1475 2286 1631 2316 Thebanis

927 2329 1036 2369 proelio
1052 2328 1123 2363 fusi,
1135 2328 1246 2358 iisdem
1260 2330 1321 2359 fere
1334 2339 1420 2368 quam
1439 2339 1494 2358 nos
1509 2329 1631 2360 calami*

927 2372 1039 2402 tatibus
1062 2371 1260 2401 circumventi
1281 2377 1362 2403 sunt.
1406 2371 1559 2402 Praetere-
1576 2381 1632 2402 nos

927 2414 1059 2444 breviori
1079 2415 1224 2454 temporis
1239 2415 1341 2453 spatio
1357 2415 1394 2444 ad
1412 2415 1572 2454 pristinum
1585 2415 1632 2445 di-

927 2457 1052 2496 gnitatis
1060 2457 1184 2496 gradum
1193 2458 1386 2493 revertimus,
1394 2467 1480 2497 quam
1488 2457 1635 2488 debellati

929 2510 1053 2537 snmus3
1077 2501 1129 2529 sed
1146 2501 1521 2531 Lacedaemoniiiniisdem
1532 2501 1633 2531 adhuc

927 2543 1014 2573 malis
1030 2548 1198 2573 versantur.
1223 2543 1293 2584 (id.)
1307 2546 1369 2574 Sub
1385 2549 1489 2574 nostro
1503 2544 1633 2583 imperio

929 2585 1055 2616 Barbari
1074 2591 1154 2616 terra
1175 2587 1309 2626 marique
1328 2588 1465 2626 angustis
1488 2587 1634 2617 limitibus

928 2631 1157 2664 coercebantur,
1173 2629 1409 2660 Lacedaemoniis
1421 2635 1523 2660 contra
1537 2631 1634 2670 impe-

929 2672 1065 2701 rantibus
1087 2681 1265 2712 quacunque
1288 2672 1429 2703 libertate
1447 2674 1635 2707 fruebantur.

931 2716 1101 2764 multasque
1116 2714 1213 2745 etiam
1232 2716 1357 2745 Graecas
1383 2716 1522 2749 civitates
1536 2716 1566 2746 in
1588 2715 1634 2745 ‹ti-

930 2758 1042 2788 tionem
1071 2763 1263 2808 acceperunt.
1285 2757 1362 2800 12‘(x
1363 2758 1390 2799 .)
1414 2760 1521 2790 Nonne
1543 2758 1636 2798 igitur

931 2810 1047 2840 aeqnnm
1065 2806 1123 2836 est,
1138 2811 1202 2831 eant
1219 2801 1385 2836 civitatem,
1400 2813 1467 2841 qnae
1484 2802 1634 2832 Barbaro—

931 2853 997 2873 rum
1013 2843 1201 2874 insolentiam
1223 2844 1336 2875 soedere
1357 2846 1553 2884 cladibusque
1576 2843 1636 2872 fre

932 2885 1022 2924 gerit,
1039 2887 1164 2918 Graecos
1182 2887 1336 2917 beneficiis
1351 2887 1496 2925 affecerit,
1511 2896 1565 2924 pro
1581 2895 1637 2915 sun

933 2928 1030 2968 ipsius
1059 2930 1154 2960 salute
1184 2930 1293 2960 fortius
1322 2929 1522 2963 dimicaverit,
1540 2937 1636 2967 quem

933 2972 995 3007 illa,
1011 2982 1078 3011 quae
1091 2974 1130 3003 ob
1144 2983 1213 3004 «rern
1232 2973 1395 3004 militarem
1413 2971 1542 3002 maxime
1556 2971 1637 3001 eele—

935 3015 1050 3087 hgntnr,
1065 3016 1309 3055 catamitnteaqu·
1329 3015 1459 3045 celerius
1473 3023 1561 3053 quun
1584 3014 1636 3044 in·

991 3067 1004 3086 S
