1924 3314
333 185 405 236 60
568 193 656 234 ΕΚ
711 189 1139 234 ΔΙΟΝΥΣΙΟΎ·
1192 189 1538 232 AAIKAPN.

331 302 509 345 τοὲαπὸν
529 305 699 345 ἐπιτάσει
717 321 756 344 τε
779 307 840 344 καὶ
868 302 996 343 ἀνέσει
1022 304 1085 342 καὶ
1106 301 1152 342 τὸ
1177 307 1264 349 ταῖς
1283 305 1520 351 παθητικαῖς
1545 302 1761 347 ἀποθέσεσι

333 359 606 413 διειλημμένον
636 358 972 414 ὑπερβεβηκέναι.
1003 357 1185 399 καθόλου
1216 356 1257 399 δέ
1281 366 1409 413 φησιν
1435 360 1559 402 αὐτὸν
1587 362 1643 408 εἰς
1663 359 1760 403 ἀνα-

330 417 516 470 γνώστου
538 413 683 464 παιδὸς
707 417 845 470 φωνὴν
869 411 1087 455 καταδύντα
1112 416 1207 467 μήτε
1234 415 1357 456 τόνον
1386 419 1480 468 μήτε
1507 417 1645 465 πάθος
1663 419 1759 471 μήθ’

330 474 538 526 ὑπόκρισιν
577 472 774 514 δύνασθαι
801 473 943 527 φέρειν.
973 470 1152 519 πολλοῖς
1191 470 1230 513 δὲ
1263 475 1326 513 καὶ
1357 472 1504 522 ἄλλοις
1540 478 1662 516 ταῦτα
1696 480 1760 519 καὶ

328 529 591 584 παραπλήσια
618 531 774 576 τούτοις
807 528 965 583 εἴρηται·
992 531 1083 582 περὶ
1111 529 1168 569 ὧν
1195 525 1312 570 οὐδὲν
1341 527 1476 582 δέομαι
1501 531 1684 586 γράφειν·
1717 532 1762 581 ἐξ

329 586 449 634 αὐτῆς
475 586 555 640 γὰρ
578 586 683 627 ’έσται
710 592 780 633 τῆς
806 585 1066 639 Ἰσοκράτους
1094 583 1244 632 λέξεως
1269 587 1449 634 τεθείσης
1475 590 1705 642 καταφανὴς
1735 592 1759 632 ὅ

328 661 366 683 τε
398 645 478 683 τῶν
504 640 701 696 περιόδων
726 640 899 696 ῥυθμὸς,
934 643 973 682 ἐκ
1003 642 1158 689 παντὸς
1189 640 1342 684 διώκων
1368 644 1414 684 τὸ
1440 641 1670 698 γλαφυρὸν,
1693 650 1756 689 καὶ

326 701 406 739 τῶν
434 699 653 752 σχημάτων
678 699 724 740 τὸ
754 696 1007 754 μειρακιῶδες
1034 702 1123 753 περὶ
1149 699 1222 747 τὰς
1246 698 1465 747 ἀντιθέσεις
1495 704 1557 742 καὶ
1580 704 1757 756 παρισώ-

325 773 406 802 σεις
424 758 486 796 καὶ
506 756 797 809 παρομοιώσεις
818 754 1172 811 κατατριβόμενον.
1201 759 1263 797 καὶ
1284 756 1332 797 ού
1359 758 1405 797 τὸ
1419 759 1542 811 γένος
1558 759 1757 813 μέμφομαι

322 814 402 853 τῶν
430 813 662 867 σχημάτων·
690 813 845 855 πολλοὶ
879 813 961 868 γὰρ
988 813 1126 860 αὐτοῖς
1155 815 1381 868 ἐχρήσαντο
1415 818 1477 855 καὶ
1503 822 1755 871 συγγραφεῖς

319 871 380 910 καὶ
411 867 598 923 ῥήτορες,
622 869 785 912 ἀνθίσαι
811 868 1063 925 βουλόμενοι
1089 871 1161 918 τὴν
1187 868 1313 917 λέξιν·
1341 868 1452 911 ἀλλὰ
1478 871 1552 912 τὸν
1580 871 1753 914 πλεονα-

318 926 435 978 σμόν.
457 926 504 967 rb
537 926 618 981 γὰρ
649 928 703 979 μὴ
733 929 776 969 ἐν
805 930 925 982 καιρῷ
944 929 1129 982 γίνεσθαι
1154 924 1241 978 μηδ’
1269 929 1311 968 ἐν
1343 928 1426 982 ὥρᾳ
1453 926 1753 983 προσίστασθαι

319 985 418 1036 φημὶ
438 988 525 1030 ταῖς
546 988 697 1032 ἀκοαῖς.

371 1037 429 1080 ις’.
472 1039 546 1081 Ἐν
571 1044 675 1094 γοῦν
705 1044 762 1095 τῷ
788 1043 1070 1096 Πανηγυρικῷ,
1107 1043 1163 1094 τῷ
1199 1038 1431 1095 περιβοήτῳ
1457 1039 1588 1096 λόγῳ,
1616 1040 1752 1091 πολύς

314 1098 421 1138 ἐστιν
442 1098 483 1138 ἐν
503 1102 592 1145 τοῖς
610 1099 821 1146 τοιούτοις·
845 1097 1096 1139 πλείστων
1132 1100 1219 1149 μὲν
1259 1097 1349 1139 οὖν
1384 1096 1592 1152 ἀγαθῶν
1628 1101 1752 1142 αἰτί-

315 1171 413 1201 ους,
448 1157 524 1196 καὶ
561 1157 811 1210 μεγίστων
852 1157 1066 1197 ἐπαίνων
1106 1153 1280 1202 ἀξίους
1320 1155 1539 1209 ἡγοῦμαι·
1579 1156 1751 1199 ἐνταῦθα

316 1211 396 1265 ’γὰρ
427 1211 475 1252 οὐ
502 1212 632 1264 μόνον
658 1215 714 1267 τῳ
740 1211 855 1267 κώλῳ
882 1213 928 1254 τὸ
956 1211 1092 1253 κῶλον
1125 1211 1232 1258 ἰ’σον,
1262 1210 1374 1252 ἀλλὰ
1402 1215 1464 1254 καὶ
1497 1212 1545 1253 τὰ
1573 1214 1750 1266 ὀνόματα

316 1273 402 1315 τοῖς
423 1269 607 1321 ὀνόμασι,
634 1272 688 1323 τῷ
721 1273 792 1322 μὲν
820 1268 1074 1311 πλείστων
1106 1270 1152 1309 τὸ
1185 1270 1451 1323 μεγίστων,
1484 1271 1540 1324 τῷ
1569 1267 1603 1311 δ’
1637 1269 1753 1326 ἀγα-

316 1326 420 1365 θῶν
464 1326 509 1367 τὸ
549 1327 780 1374 ἐπαίνων,
819 1329 874 1381 τῳ
912 1324 1162 1373 ὃάἰτίους
1200 1326 1247 1367 τὸ
1283 1323 1474 1373 ἀξίους·
1512 1329 1574 1368 καὶ
1615 1326 1746 1376 αὖθις·

316 1380 428 1423 οὐδὲ
473 1381 727 1425 ἀπέλαυον
779 1387 865 1437 μὲν
908 1384 970 1430 ὡς
1016 1380 1170 1428 ἰδίων,
1210 1382 1428 1435 ἠμέλουν
1472 1380 1522 1424 δὲ
1566 1384 1629 1431 ὡς
1671 1383 1751 1426 ἀλ-

315 1437 463 1492 λοτρί
472 1452 547 1481 ων·
575 1440 623 1480 τό
642 1458 682 1481 τε
702 1440 782 1495 γὰρ
804 1439 940 1482 κῶλον
964 1440 1011 1481 τὸ
1030 1437 1213 1494 δεύτερον
1235 1442 1290 1494 τῷ
1311 1439 1428 1495 κώλῳ
1452 1443 1508 1494 τῷ
1526 1442 1607 1495 πρὸ
1627 1441 1750 1483 αὐτοῦ

315 1495 506 1549 πάρισον,
527 1499 589 1537 καὶ
610 1499 692 1538 τῶν
712 1498 939 1550 ὀνομάτων,
967 1500 1023 1551 τῴ
1048 1500 1120 1550 μὲν
1156 1495 1411 1538 ἀπέλαυον
1449 1498 1496 1538 τὸ
1529 1497 1750 1550 ἠμέλουν

317 1550 542 1601 ἀντίθετον,
561 1556 617 1608 τῷ
644 1552 679 1596 δ’
715 1552 853 1595 ἰδίων
882 1555 928 1595 τὸ
960 1553 1261 1607 ἀλλοτρίων·
1287 1554 1351 1601 οἷς
1381 1555 1616 1601 ἐπιτίθησιν·
1640 1553 1751 1597 ἀλλ’

317 1606 553 1657 ἐκήδοντο
589 1614 674 1664 μὲν
713 1611 776 1658 ὡς
812 1613 1022 1658 οἰκείων,
1064 1609 1340 1665 ἀπείχοντο
1373 1607 1412 1651 δ’
1450 1611 1612 1666 ὥςπερ
1654 1614 1750 1668 χρὴ

315 1668 411 1707 τῶν
451 1664 602 1720 μηδὲν
637 1668 1013 1721 προσηκόντων·
1055 1665 1264 1708 ἀντίκειται
1295 1667 1378 1722 γὰρ
1406 1664 1454 1715 δὴ
1491 1666 1618 1710 πάλιν
1655 1669 1750 1711 κάν-

314 1721 455 1772 ταῦθα,
477 1727 533 1778 τῷ
551 1727 623 1775 μὲν
655 1722 896 1772 ἐκήδοντο
933 1725 979 1765 τὸ
1015 1723 1303 1778 ἀπείχοντο,
1331 1726 1386 1777 τῷ
1414 1721 1450 1765 δ’
1480 1726 1678 1767 οἰκείων
1703 1728 1750 1768 τὸ

315 1778 464 1831 μηδὲν
492 1781 873 1835 προσηκόντων.
895 1784 957 1822 καὶ
977 1778 1090 1821 οὔπω
1118 1784 1238 1821 ταῦτα
1259 1781 1388 1830 ἱκανὰ,
1407 1779 1504 1822 ἀλλ’
1525 1783 1569 1823 ἐν
1587 1785 1637 1838 τῇ
1654 1785 1750 1835 μετὰ

314 1841 436 1878 ταῦτα
474 1835 648 1892 περιόδῳ
683 1837 810 1880 πάλιν
838 1837 1084 1892 ἀντιστρέφει
1114 1840 1170 1891 τῷ
1202 1840 1274 1890 μὲν
1310 1838 1460 1886 αὐτός
1490 1856 1538 1879 τε
1570 1839 1750 1891 μέλλοι

313 1892 527 1945 μάλιστα
568 1893 930 1948 εὐδοκιμήσειν,
950 1896 996 1936 τὸ
1023 1895 1309 1949 ἐπιφερόμενον
1349 1898 1425 1936 καὶ
1463 1901 1573 1944 τοῖς
1609 1902 1751 1939 παισὶ

312 1949 536 2005 μεγάλην
578 1949 732 1999 δόξαν
767 1950 1101 2004 καταλείψειν,
1134 1954 1189 2006 τῷ
1220 1949 1254 1992 δ’
1295 1949 1410 1993 οὐδὲ
1443 1951 1530 2000 τὰς
1562 1955 1752 2009 ’θρασύ-

313 2025 461 2055 τητας
504 2007 591 2056 τοῖς
633 2007 877 2057 ἀλλήλων
917 2007 1149 2057 ἐζήλουν,
1208 2009 1254 2050 τὸ
1301 2010 1754 2066 συναπτόμενον-αὐτῷ

314 2062 425 2106 οὐδὲ
459 2063 545 2113 τοῖς
582 2064 774 2119 τόλμας
811 2065 897 2114 τάς
940 2065 1047 2107 καθ’
1095 2067 1280 2107 ἑαυτῶν
1322 2065 1522 2114 ἤσκουν.
1557 2071 1621 2109 καὶ
1658 2066 1750 2111 οὐδὲ

311 2122 453 2175 μικρὸν
486 2119 683 2165 διαλιπὼν
720 2125 888 2178 ἐπιφέρει
922 2124 1097 2170 τούτοις·
1156 2121 1290 2164 ἀλλά
1335 2121 1625 2179 δεινότερον
1662 2129 1749 2178 μὲν

313 2176 546 2230 ἐνόμιζον
587 2179 707 2222 εἶναι
747 2183 904 2228 κακῶς
949 2181 1042 2222 ὑπὸ
1078 2182 1174 2221 τῶν
1213 2178 1438 2221 πολιτῶν
1477 2179 1677 2222 ἀκούειν
1722 2183 1748 2231 ἢ

311 2233 476 2281 καλῶς
531 2237 650 2291 ὑπὲρ
678 2243 765 2285 τῆς
810 2234 1053 2292 πατρίδος
1099 2236 1453 2284 ἀποθνήσκειν.
1506 2238 1655 2280 οὐκοῦν
1685 2243 1747 2281 καὶ

312 2288 496 2345 δεύτερον
512 2295 565 2347 τῷ
583 2296 654 2345 μὲν
675 2293 837 2342 καλῶς
865 2295 910 2336 τὸ
939 2296 1096 2341 κακῶς
1118 2293 1405 2349 ἀντίστροφον,
1421 2297 1476 2348 τῷ
1498 2292 1530 2336 δ’
1549 2294 1748 2339 ἀκούειν

311 2348 357 2390 τὸ
395 2348 733 2397 ἀποθνήσκειν
771 2352 960 2407 πάρισον.
978 2353 1010 2393 εἰ
1028 2353 1187 2406 μέτριος
1209 2354 1270 2399 ἧν,
1291 2353 1409 2406 μέχρι
1430 2349 1547 2405 δεῦρο
1568 2351 1746 2402 ἀνεκτός·

313 2403 408 2446 ἀλλ’
436 2405 509 2447 οὐκ
537 2405 689 2454 ἀνήσει.
710 2407 837 2450 πάλιν
856 2412 961 2463 γοῦν
981 2411 1023 2450 ἐν
1051 2411 1100 2463 τῇ
1128 2407 1210 2460 μετ’
1238 2408 1364 2456 αὐτὴν
1383 2408 1555 2463 περιόδῳ
1573 2407 1744 2458 τίθησιν·

314 2463 388 2504 ὅτι
421 2467 527 2510 τοῖς
563 2463 779 2517 ἀγαθοῖς
812 2469 908 2507 τῶν
947 2465 1225 2520 ἀνθρώπων
1259 2463 1398 2507 οὐδὲν
1434 2463 1596 2515 δεήσει
1631 2466 1749 2509 πολ-

313 2517 415 2560 λῶν
454 2521 769 2574 γραμμάτων,
816 2521 934 2563 ἀλλ’
967 2522 1044 2565 ἀπ’
1079 2521 1272 2576 ὀλίγων
1305 2521 1634 2577 συνθημάτων
1667 2530 1745 2567 καὶ

314 2580 427 2630 περὶ
470 2578 564 2618 τῶν
612 2581 795 2620 κοινῶν
840 2583 917 2620 καὶ
962 2583 1072 2635 περὶ
1112 2582 1209 2620 τῶν
1248 2576 1388 2621 ἰδίων
1439 2582 1748 2633 ὁμονοήσου-

316 2646 410 2675 σιν’
444 2633 593 2675 οὐκοῦν
618 2635 665 2676 τὸ
697 2637 998 2689 γραμμάτων
1028 2640 1091 2678 καὶ
1121 2637 1452 2689 συνθημάτων
1475 2638 1664 2692 πάρισον,
1682 2642 1747 2681 καὶ

315 2690 361 2731 τὸ
394 2688 601 2732 πολλῶν
635 2695 697 2732 καὶ
736 2690 943 2746 ὀλίγων,
976 2697 1038 2735 καὶ
1072 2696 1252 2735 κοινῶν
1285 2697 1346 2735 καὶ
1381 2690 1523 2735 ἰδίων
1551 2693 1748 2737 ἀντίθετα.

317 2745 440 2788 ἔπειθ’
478 2748 608 2802 ὥςπερ
639 2746 757 2790 οὐδὲν
791 2751 953 2804 εἰρηκὼς
981 2754 1177 2796 τοιοῦτον,
1216 2749 1387 2806 ἀθρόαις
1425 2750 1623 2793 ἐπικλύσει
1661 2758 1748 2800 ταῖς

317 2804 597 2858 παρισώσεσιν,
631 2807 823 2860 εἰσφέρων
862 2807 1009 2848 αὐτίκα·
1060 2808 1115 2849 τὰ
1168 2811 1264 2849 τῶν
1316 2806 1489 2849 ἄλλων
1535 2807 1749 2863 διῴκουν

317 2862 694 2915 θεραπεύοντες,
743 2862 857 2904 ἀλλ’
906 2865 1003 2919 οὐχ
1058 2863 1363 2920 ὑβρίζοντες
1408 2866 1526 2912 τοὺς
1569 2864 1747 2915 (Έλλη-

357 2982 473 3022 Ταῦτα]
493 2982 582 3017 Ἴσως·
600 2983 705 3013 nini.
729 2986 812 3014 Con.
1098 2986 1124 3014 Εἰ
1140 2985 1266 3025 μευ-ριν]
1280 2986 1369 3018 Ἴσως·
1383 2986 1428 3014 καὶ
1446 2986 1467 3014 εἶ
1480 2985 1602 3025 μὲτςιος.
1627 2989 1709 3018 Con.
