1924 3314
629 213 1187 256 ΠΑΝΗΓΥΡΙΚΟΣ.

1527 202 1628 262 169

189 325 304 386 εἶκδς
325 327 374 388 ἦν
398 325 559 385 αὐτοὺς
582 327 762 396 μᾶλλον
785 324 1063 387 ποιήσασθαι
1090 325 1303 392 πρόνοιαν·
1328 325 1409 377 τῶν
1432 323 1510 394 μὲν
1535 323 1634 398 ’γάρ

186 401 400 462 ἀθλητῶν
436 398 498 460 δὶς
542 399 760 462 τοσαύτην
798 398 935 470 ῥώμην
970 397 1202 461 λαβόντωι)
1242 397 1353 451 οὐδὲν
1390 399 1443 451 ἂν
1482 399 1624 451 πλέον

186 532 261 562 titus
281 531 347 562 est?
392 533 500 571 Neque
518 533 658 562 meliores
679 543 711 562 se
730 532 886 562 exercitus

186 575 268 604 circa
290 576 388 613 ipsum
403 585 502 613 regem
518 574 729 614 interiorisque
744 575 825 605 Asiae
840 575 886 609 in-

186 618 260 647 colae
277 618 492 657 praestiterunt,
509 617 560 656 qui
575 627 642 647 cum
656 618 767 657 exigua
781 628 816 647 ac
832 618 885 647 de—

188 665 268 689 serta
284 660 356 700 Cyri
372 670 460 689 manu
477 660 620 690 dimicare
638 671 694 690 non
710 660 789 696 ausi,
812 660 887 690 insi·

187 703 253 732 dias
267 703 378 732 frustra
397 707 583 739 struxerunt,
598 713 735 742 eamque,
751 704 887 742 quamvis

187 755 288 784 regem
309 745 408 784 ipsum
430 755 573 785 aggressa
594 751 684 781 esset,
705 745 886 775 incolumem

187 789 287 818 redire
309 789 392 828 passi
416 793 497 818 sunt.
541 788 662 825 Ubique
683 788 778 826 igitur
799 789 885 826 igna-

188 831 267 861 viam
296 830 501 860 ostenderunt.
543 829 644 869 (μα’.)
680 831 778 859 Causa
803 841 886 864 vero,

189 883 281 912 quare
295 878 328 902 et
353 873 449 902 duces
474 877 505 901 et
520 873 632 901 milites
650 882 747 910 neque
765 872 885 901 fortitu-

188 915 266 945 dinis
282 925 378 954 neque
394 915 471 943 alius
492 913 662 952 cujuspiam
680 914 802 943 virtutis
818 923 884 951 par-

186 957 299 996 ticipes
325 961 404 992 sunt,
418 956 449 985 in
479 957 658 986 educatione
688 966 723 985 ac
751 955 885 985 civitatis

186 1001 281 1029 forma
305 999 466 1038 quaerenda
487 1003 546 1028 est.
598 999 746 1028 Proceres
768 1008 883 1034 eorum,

186 1042 216 1072 in
231 1041 299 1080 ipsa
315 1041 409 1081 regia,
425 1040 591 1071 humilitate
613 1050 647 1069 ac
668 1041 813 1082 superbia
828 1041 884 1070 im-

186 1084 328 1120 buti‚hos
343 1094 443 1113 mores
459 1084 488 1113 in
504 1083 671 1122 provinciis
682 1085 825 1118 retinent,
836 1094 883 1113 er-

187 1137 225 1167 ga
240 1127 353 1157 amicos
367 1126 464 1162 infidi,
486 1127 633 1156 adversus
650 1127 752 1157 hostes
769 1127 884 1157 effemi-

184 1170 246 1200 nati
263 1174 343 1204 sunt,
356 1169 465 1208 partim
482 1170 612 1207 abjecte,
628 1171 736 1208 partim
752 1171 883 1209 superbe

185 1212 302 1248 vivunt,
313 1212 411 1242 socios
431 1217 638 1248 contemnunt,
655 1213 793 1242 hostibus
818 1223 882 1242 ser-

181 1254 279 1286 viunt.
325 1255 476 1294 Exemplo
493 1260 562 1285 sunt
583 1255 699 1290 Conon,
712 1255 881 1285 Themisto-

181 1298 258 1334 cles,
285 1298 446 1338 Agesilaus
469 1303 528 1328 etc.
578 1298 738 1337 Nunquam
766 1298 881 1328 Graecis

181 1340 318 1371 insidiari
333 1340 530 1376 destiterunt,
549 1341 708 1381 omniaque
722 1345 824 1371 nostra
839 1341 881 1371 ita

181 1384 220 1413 iis
235 1384 357 1414 inimica
372 1384 506 1419 fuerunt,
522 1389 555 1413 ut
569 1395 665 1423 neque
686 1385 812 1414 deorum
833 1395 880 1414 se-

179 1426 269 1456 dibus
292 1427 495 1467 pepercerint.
533 1426 639 1467 (ffifi'.)
672 1427 755 1457 Hino
779 1427 880 1457 Graeci

178 1469 334 1504 laudandi,
349 1469 413 1509 qui,
435 1470 550 1509 templa
571 1470 608 1500 ab
628 1470 689 1499 illis
704 1470 804 1500 diruta
820 1480 877 1500 non

180 1512 345 1543 reficiendo
357 1513 528 1552 Persasque
541 1523 557 1542 a
569 1514 721 1552 mysteriis
737 1514 878 1548 arcendo,

180 1561 360 1595 perpetuum
375 1555 468 1585 veluti
494 1556 556 1585 odii
576 1561 799 1586 monumentum
824 1567 879 1595 po—

182 1599 273 1628 steris
286 1598 457 1637 relinquere
464 1598 634 1629 voluerunt.
657 1600 802 1629 Naturale
811 1610 881 1638 qua-

182 1641 208 1670 si
224 1642 397 1671 Graecorum
408 1641 441 1670 in
452 1642 596 1671 barbaros
613 1642 715 1672 odinrn
727 1654 744 1671 e
753 1642 882 1680 hymnis,

181 1683 234 1722 qui
264 1683 295 1713 iu
322 1684 434 1713 bellum
461 1694 528 1714 cum
557 1685 690 1715 barbaris
720 1685 882 1723 compositi

183 1730 266 1762 sunt,
278 1726 540 1766 delectationeque
563 1732 676 1763 nostra,
691 1738 749 1766 qua
763 1727 881 1757 illorum

183 1769 287 1799 clades
297 1769 448 1805 audimus,
459 1770 570 1799 elucet.
599 1770 681 1799 Hinc
691 1770 779 1800 etiam
791 1771 884 1799 honor

183 1821 202 1841 a
222 1812 388 1851 maioribus
410 1813 521 1842 nostris
543 1813 671 1842 Homeri
699 1813 882 1842 carminibus

184 1854 325 1891 tributus,
341 1866 407 1894 quae
422 1855 452 1885 in
470 1855 582 1885 scholis
597 1855 657 1894 legi
674 1862 705 1885 et
720 1857 749 1885 in
774 1856 883 1894 quibus

184 1898 292 1927 certari
305 1898 508 1934 instituerunt,
516 1898 698 1928 derivandos
708 1902 764 1928 est.
788 1898 888 1938 (547¹.)

187 1941 225 1970 In
241 1941 280 1970 iis
295 1945 408 1976 autem,
423 1952 490 1980 quae
515 1941 626 1971 bellum
651 1943 798 1971 adversus
813 1942 886 1971 illos

186 1983 413 2023 suscipiendum
442 1984 578 2019 suadent,
603 1989 724 2024 tempus
754 1984 885 2015 maxime

186 2035 322 2065 praesens
343 2031 401 2063 est,
416 2037 476 2065 quo
501 2027 614 2057 nullum
636 2032 740 2066 potest
754 2027 885 2057 inveniri

186 2069 400 2109 opportunius,
413 2070 466 2099 ubi
488 2069 624 2109 plurimae
645 2070 727 2100 Asiae
744 2069 886 2100 civitates

187 2116 239 2142 aut
254 2112 430 2142 defecerunt
443 2113 483 2141 ab
507 2113 570 2148 illo,
595 2118 646 2142 aut
660 2117 784 2143 vustatae
805 2118 886 2150 sunt,

185 2159 238 2184 aut
249 2155 286 2184 ab
301 2155 440 2184 hostibus
450 2155 532 2185 illius
541 2161 708 2195 occupatae.
752 2158 822 2195 Qua
832 2166 887 2196 op-

185 2197 369 2235 portunitate
391 2198 452 2234 usi,
474 2199 498 2228 si
522 2199 684 2228 maritimas
703 2199 787 2229 Asiae
811 2200 886 2229 civi-

185 2244 263 2270 tates
284 2242 612 2280 praeoccupaverimus,
628 2243 750 2281 reliquae
771 2253 886 2278 omnes,

185 2292 252 2322 quae
266 2282 373 2314 invitae
387 2284 467 2323 regis
478 2284 606 2324 imperio
617 2285 770 2324 parent,in
784 2290 885 2324 partes

185 2330 304 2356 nostras
318 2327 496 2362 transibunt,
508 2338 641 2366 ‚eumque
654 2329 823 2367 conjunctis
840 2329 885 2358 vi-

184 2368 269 2399 ribus
279 2369 377 2399 adorti
386 2375 448 2399 tota
457 2370 545 2400 facile
555 2371 628 2400 Asia
637 2372 780 2401 fruemur.
794 2371 888 2412 (543².)

184 2411 392 2452 Praeterquam
409 2418 520 2449 autem,
542 2415 622 2452 quod
635 2415 818 2444 fructuosior
838 2420 886 2445 est

185 2454 276 2494 hujus
311 2456 518 2495 expeditionis
556 2458 728 2492 maturatio,
756 2459 884 2497 aequitas

184 2497 274 2528 etiam
291 2500 425 2537 postulat
446 2499 502 2528 linc
522 2499 588 2538 ipsa
605 2504 694 2531 aetate
710 2500 791 2531 illam
816 2511 883 2530 sus-

183 2540 256 2580 cipi,
268 2546 312 2576 ut,
321 2541 371 2580 qui
388 2542 583 2572 maximarum
594 2543 808 2580 calamitatum,
817 2544 884 2582 qui-

184 2583 240 2614 bus
256 2585 376 2614 Graecia
399 2585 555 2624 hucusque
580 2586 689 2615 afflicta
709 2586 776 2622 fuit,
789 2587 883 2625 parti-

183 2627 267 2665 cipes
291 2628 424 2664 fuerunt,
453 2628 544 2657 iidem
570 2629 723 2668 prosperis
749 2630 882 2668 ejusdem

184 2671 274 2700 rebus
282 2671 427 2701 fruantur.
442 2669 515 2712 (με’.
524 2670 608 2710 ,ug-¹.)
624 2672 693 2708 Quo
704 2682 777 2702 vero
786 2672 882 2711 pusil-

183 2712 269 2744 lioris
284 2713 375 2744 animi
390 2715 546 2744 civitatum
559 2715 713 2754 principes
726 2721 808 2751 sunt,
819 2715 884 2755 qui,

183 2765 250 2795 quae
266 2756 348 2796 ipsos
369 2767 475 2787 curare
496 2756 526 2786 in
542 2757 647 2796 primis
661 2758 796 2794 deceret,
822 2758 883 2797 pri-

183 2799 262 2829 vatis
274 2799 451 2830 hominibus
467 2800 650 2839 relinquunt,
665 2804 748 2830 tanto
762 2811 817 2830 nos
841 2801 883 2830 si-

182 2851 250 2872 mus
272 2842 444 2878 alacriores,
465 2848 497 2873 ut
513 2843 560 2873 hae
582 2849 692 2873 nostrae
719 2842 883 2873 inimicitiae

183 2883 332 2921 finiantur,
348 2886 428 2924 quod
444 2886 507 2921 fiet,
523 2887 550 2916 si
564 2885 759 2916 communiter
775 2887 883 2916 barba-

186 2925 230 2956 ris
245 2927 355 2958 bellum
371 2928 574 2964 intulerimus,
590 2939 681 2969 qnurn
695 2930 732 2959 ad
757 2939 880 2959 concor-

185 2967 265 2999 diam
291 2975 322 3000 et
347 2972 513 3002 communis
540 2973 634 3002 hostis
661 2979 691 3002 et
715 2972 882 3009 communis

186 3010 300 3045 amicus
325 3023 381 3044 nec
404 3025 461 3046 nou
478 3015 576 3046 victus
601 3015 768 3055 quotidiani
793 3015 882 3055 copia

920 531 1100 570 requiratur.
1143 528 1244 570 (μζ.)
1268 530 1357 560 Hane
1373 530 1411 558 ob
1436 539 1554 559 causam
1579 529 1622 557 fe-

921 574 1090 604 stinandum
1108 580 1164 608 est,
1181 578 1213 602 ut
1235 573 1344 602 bellum
1362 582 1448 611 quam
1465 573 1621 610 primume

921 616 1039 646 Graecia
1049 616 1078 645 in
1088 617 1193 646 Asiam
1203 616 1426 646 transferamus.
1453 616 1518 644 Pax
1529 615 1620 654 enim,

920 660 999 689 sacta
1023 670 1118 698 nuper
1141 669 1207 688 cum
1224 658 1374 692 barbaris,
1389 667 1443 687 nos
1467 658 1620 687 retardare

921 713 978 732 non
994 706 1107 742 potest,
1123 711 1214 741 quum
1231 701 1428 739 injustissima
1444 701 1494 736 sit,
1510 710 1564 729 nec
1582 701 1619 730 ab

919 744 980 774 illis
996 750 1145 780 servetur,
1162 744 1263 782 jussui
1279 743 1408 782 denique
1424 754 1511 782 quam
1528 747 1619 781 paolo

921 788 960 817 sit
973 787 1109 817 similior.
1155 787 1237 816 Hinc
1250 786 1353 825 legati,
1366 797 1420 824 per
1433 797 1508 825 quos
1520 786 1619 815 foedus

918 829 1089 859 Antalcidae
1099 829 1207 858 factum
1218 834 1276 864 est,
1285 830 1354 866 jure
1367 828 1527 858 accusandi
1538 834 1618 862 sunt,

919 873 1000 909 quod
1016 871 1252 901 Lacedaemoniis
1266 875 1297 900 et
1309 871 1556 904 Atheniensibus,
1567 871 1620 908 qui

919 914 1028 942 bellum
1039 914 1077 942 ob
1093 913 1288 943 stabiliendas
1304 923 1379 951 opes
1395 918 1563 951 gesserunt,
1573 913 1618 941 ni-

917 955 960 984 hil
976 965 1103 994 prorsus
1115 960 1340 990 concesserunt,
1354 955 1445 984 immo
1460 965 1498 984 ne
1513 954 1619 984 defini-

919 1002 1028 1027 verunt
1051 999 1184 1038 quidem,
1210 1009 1246 1027 an
1269 998 1387 1036 utrique
1411 999 1501 1027 armis
1528 1003 1620 1036 capta

917 1041 1056 1077 reddant,
1088 1051 1124 1071 an
1154 1040 1321 1078 retineant3
1349 1041 1506 1069 barbarum
1533 1050 1617 1075 vero,

917 1084 1002 1122 quasi
1017 1084 1127 1114 bellum
1143 1085 1209 1122 ejus
1225 1094 1315 1113 causa
1330 1088 1448 1122 gestum
1465 1083 1515 1119 sit,
1530 1082 1616 1122 igno-

916 1126 1046 1156 miniose
1078 1128 1173 1157 totius
1203 1126 1282 1156 Asiae
1316 1126 1471 1155 dominum
1502 1126 1616 1155 consti-

916 1173 1050 1199 tuerunt.
1082 1168 1178 1210 (μὴ’.)
1201 1169 1320 1199 Deinde
1335 1172 1442 1207 magno
1460 1168 1548 1198 nobis
1569 1174 1622 1198 est.

916 1213 1070 1249 dedecori,
1085 1212 1209 1251 injurias
1225 1212 1280 1241 toti
1298 1212 1424 1241 Graeciae
1439 1211 1536 1241 illatas
1556 1222 1614 1241 non

916 1255 1035 1291 ulcisci,
1044 1266 1133 1295 quum
1146 1257 1275 1294 majores
1288 1255 1394 1290 nostri,
1407 1255 1446 1283 ob
1458 1254 1613 1284 mulierem

916 1299 963 1328 uni
981 1304 1126 1337 ereptam,
1140 1299 1243 1328 decem
1260 1303 1340 1327 totos
1357 1308 1449 1327 annos
1465 1308 1532 1327 cum
1548 1298 1613 1327 bar-

914 1341 996 1370 baris
1022 1341 1212 1371 bellaverunt
1238 1342 1419 1378 TroJamque
1446 1340 1614 1370 diruerunt.

914 1382 1020 1424 (staff.)
1040 1385 1174 1414 Suadent
1195 1389 1344 1423 praeterea
1367 1384 1441 1412 banc
1460 1383 1615 1422 expediti-

914 1438 1000 1457 onem
1023 1427 1365 1466 commodum,justitia‚
1380 1426 1497 1456 invidia
1516 1427 1615 1461 licita,

912 1470 1010 1508 pietas
1024 1480 1097 1509 erga
1110 1471 1251 1508 majores,
1269 1469 1401 1499 hostium
1415 1469 1546 1508 denique
1561 1469 1616 1498 im-

913 1513 1076 1543 becillitas.
1109 1512 1171 1553 (ν’.)
1191 1513 1340 1551 Quoniam
1362 1517 1462 1542 autem
1480 1511 1615 1541 vindicta

913 1567 929 1585 e
946 1556 1093 1592 barbaris,
1110 1556 1192 1586 Asiae
1215 1555 1386 1594 imperium,
1402 1555 1467 1584 laus
1483 1554 1613 1594 denique

913 1604 1024 1628 aeterna
1048 1600 1117 1628 huic
1146 1598 1348 1638 expeditioni,
1374 1604 1513 1637 tanquam
1537 1608 1614 1637 prae-

914 1642 984 1676 mia,
1008 1641 1108 1682 posita
1129 1647 1208 1676 sunt,
1230 1651 1287 1670 uon
1309 1641 1436 1671 deerunt
1458 1651 1541 1676 sane,
1562 1641 1614 1679 qui

914 1684 1057 1715 interesse
1082 1684 1125 1713 illi
1142 1684 1247 1713 velint.
1279 1683 1359 1724 (ναί.)
1382 1683 1531 1723 Epilogus.
1554 1684 1616 1713 Sed

915 1738 993 1756 nunc
1013 1728 1131 1756 demum
1149 1737 1197 1756 me
1210 1726 1281 1756 huic
1302 1725 1451 1761 felicitati,
1466 1737 1534 1766 quae
1547 1726 1617 1756 inde

917 1770 1108 1805 redundabit,
1125 1769 1338 1799 adumbrandae
1349 1769 1493 1808 imparem
1507 1769 1619 1803 sentio,

915 1823 1056 1851 meosque
1079 1813 1235 1842 auditores
1251 1813 1365 1847 hortor,
1382 1816 1425 1847 ut,
1442 1812 1492 1851 qui
1512 1817 1619 1851 poten-

916 1856 959 1884 tia
981 1855 1118 1884 instructi
1145 1860 1228 1890 sunt,
1252 1855 1452 1885 Athenienses
1479 1860 1510 1884 et
1525 1855 1620 1884 Lace-

915 1899 1082 1928 daemouios
1108 1898 1268 1928 conciliare
1299 1898 1377 1927 inter
1407 1908 1439 1927 se
1467 1898 1620 1933 studeant,

917 1946 1051 1971 oratores
1076 1952 1147 1971 vero
1171 1942 1200 1970 in
1227 1941 1375 1978 ejusmodi
1401 1941 1505 1979 potins
1533 1949 1620 1978 argu-

916 1989 1027 2020 mento,
1041 1994 1129 2023 quam
1151 1984 1259 2023 quovis
1275 1984 1334 2013 alio
1353 1984 1452 2013 miuus
1467 1983 1552 2022 gravi
1577 1987 1620 2012 at-

916 2038 974 2067 que
987 2028 1066 2062 utili,
1079 2032 1195 2057 certare
1212 2027 1317 2056 velint.
1340 2028 1452 2057 LANc.

958 2071 1102 2104 Πολλάκις
1118 2068 1298 2110 ἐθαύμασα]
1332 2070 1512 2105 Exordium,
1539 2080 1623 2099 more

917 2114 1061 2143 Isocratis
1084 2113 1278 2152 simplicitate
1299 2113 1507 2152 conspicuum,
1527 2117 1623 2142 trans-

917 2156 990 2186 itum
1017 2156 1054 2186 ad
1078 2167 1141 2186 rem
1160 2156 1258 2195 ipsam
1281 2161 1379 2194 parat,
1396 2153 1521 2194 §.2232
1564 2157 1620 2186 Su-

918 2199 1022 2238 perbia
1037 2199 1163 2238 quadam
1180 2209 1197 2228 a
1211 2198 1338 2236 reliquis
1351 2198 1622 2233 differt,oratores,

917 2243 1088 2282 quicunque
1104 2252 1140 2272 ea
1154 2241 1193 2271 de
1208 2252 1240 2271 re
1265 2246 1353 2270 antea
1368 2240 1519 2277 dixerant,
1535 2251 1621 2280 sper-

917 2295 1002 2315 nens.
1047 2286 1119 2320 Sed,
1140 2284 1183 2314 uti
1199 2286 1259 2323 jam
1283 2286 1423 2324 Augerus
1449 2284 1620 2315 rectissimo

917 2329 1044 2363 monuit,
1070 2329 1112 2357 ita
1133 2332 1338 2366 comparatum
1360 2337 1428 2357 esse
1452 2327 1571 2363 debuit,
1592 2327 1622 2357 si

917 2372 1037 2410 quidem
1052 2372 1204 2401 Isocrates
1218 2374 1288 2409 post
1307 2375 1352 2399 tot
1371 2375 1402 2399 et
1423 2370 1515 2400 toties
1529 2380 1618 2410 repe-

917 2415 973 2444 tita
994 2415 1120 2444 aliorum
1144 2413 1315 2447 tentamina,
1331 2424 1397 2452 qnae
1418 2413 1492 2443 nihil
1509 2413 1619 2443 effece-

917 2463 993 2492 rant,
1015 2457 1130 2487 animos
1153 2455 1325 2486 auditorum
1350 2456 1408 2486 sibi
1434 2460 1465 2485 et
1489 2456 1620 2486 orationi

917 2511 977 2529 suae
1013 2500 1112 2530 statim
1141 2499 1172 2529 in
1202 2498 1290 2528 initio
1317 2499 1481 2529 conciliare
1509 2499 1618 2529 voluit.

916 2544 980 2573 cfr.
1001 2554 1069 2582 quae
1100 2542 1177 2581 infra
1202 2543 1239 2572 ad
1261 2541 1289 2581 §.
1311 2540 1348 2574 θ’.
1366 2547 1446 2573 extr.
1469 2542 1619 2572 dicentur.

915 2586 1057 2617 Montis.

969 2627 1193 2669 Συναγαγόντων]
1219 2628 1402 2659 Aristoteles
1430 2628 1522 2659 Rhet.
1548 2629 1617 2659 111.

915 2682 944 2701 c.
958 2674 987 2702 9.
1003 2672 1055 2702 ubi
1074 2672 1154 2701 huuc
1177 2672 1278 2701 locum
1297 2671 1414 2706 laudat,
1434 2671 1525 2701 habet
1539 2671 1618 2710 ἀγόν-

915 2725 978 2744 των.
1001 2715 1062 2744 Sed
1077 2724 1135 2744 non
1150 2719 1198 2745 est
1212 2724 1311 2745 sermo
1334 2715 1372 2744 de
1395 2713 1460 2749 his,
1471 2714 1521 2754 qui
1545 2725 1618 2744 con·

916 2763 1023 2787 ventus
1038 2761 1130 2797 agunt
1145 2762 1177 2788 et
1196 2757 1371 2794 celebrant,
1394 2767 1496 2788 verum
1513 2756 1551 2787 de
1565 2758 1617 2792 iis,

915 2800 966 2839 qui
982 2801 1189 2837 instituerunt,
1206 2804 1239 2830 ut
1253 2800 1387 2831 solerent
1401 2810 1469 2830 esse
1484 2809 1614 2830 conven-

916 2848 976 2873 tus.
1000 2843 1105 2877 Inest.
1363 2879 1365 2882 Α

972 2887 1097 2928 Δωςεῶν]
1129 2885 1170 2917 Et
1195 2887 1259 2917 haee
1285 2886 1408 2926 repetiit
1433 2884 1613 2916 Aristoteles

916 2929 1008 2960 Rhet.
1023 2930 1088 2961 111.
1103 2940 1131 2959 o.
1149 2933 1199 2960 14.
1222 2929 1277 2959 sed
1301 2940 1422 2960 sensum
1445 2928 1534 2958 modo
1557 2937 1613 2956 ex-

915 2973 1039 3012 pressit.
1051 2974 1156 3004 lnmx.
1179 2973 1362 3004 Aristoteles
1378 2974 1532 3010 comparat
1547 2970 1614 2999 Iso-

914 3015 1007 3046 cratis
1036 3026 1053 3047 ι
1082 3015 1236 3056 vituperio
1270 3017 1324 3045 τῶν
1364 3017 1418 3048 τὰς
1455 3013 1614 3054 venustem:

923 3069 939 3089 z
