1924 3314
500 216 564 256 IN
597 215 950 257 ISOCRATEM
985 212 1306 257 DIATRIBAE.
1559 213 1609 252 19

160 322 274 373 μονος
291 325 575 378 ἐκπεμφθέντων.
595 328 695 366 ’ἐστιν
715 327 821 371 οὗτος
848 331 1035 379 ἁρμοστὴς
1055 331 1162 379 ἀνὴρ.
1185 329 1251 366 sed
1275 325 1532 378 expungenda
1551 332 1611 362 est

162 384 299 435 stigme
326 394 414 437 post
437 389 735 440 ἐκπεμφθέντων.
797 390 896 426 Sunt
927 402 1042 439 porro
1065 390 1132 440 qui
1161 390 1438 427 Archidamum
1472 386 1608 424 inscri-

162 454 266 495 ptam
287 448 403 487 fuisse
426 450 522 488 hanc
549 451 762 488 orationem
792 451 940 494 dicant,
960 450 1064 499 quod
1087 451 1144 488 vel
1164 451 1296 488 habita
1318 449 1430 486 suerit
1450 447 1509 485 vel
1540 447 1606 484 ha-

162 506 241 544 beri
270 510 438 557 potuerit
463 510 512 547 ab
537 511 772 548 Archidamo
795 510 900 561 apud
935 511 1265 548 Lacedaemonios.
1322 511 1494 553 Quarum
1516 508 1608 546 rati-

160 581 274 606 onum
306 572 494 618 posterior
523 571 677 621 quidem
700 572 791 609 mihi
820 572 1033 622 probatur:
1063 580 1100 609 at
1123 573 1227 622 prior
1246 572 1376 609 dicere
1411 569 1515 619 quod
1538 568 1607 605 mi-

159 630 259 668 nime
276 631 475 669 verisimile
495 633 542 669 sit
562 632 724 670 videtur.
780 635 814 670 A
835 633 1066 670 Philostrato
1087 633 1341 670 Archidamus
1362 630 1604 668 nominatur:

162 691 229 740 qui
259 692 332 729 hoc
353 693 489 743 insigni
508 693 660 743 eulogio
686 707 769 731 eam
791 703 926 734 ornat:
957 696 1089 743 ἄριστα
1114 701 1187 731 τῶν
1205 694 1437 742 Ἰσοκράτους
1462 700 1607 742 φροντι-

157 754 310 800 σμάτων
328 755 347 790 ὀ
365 754 597 804 Ἀρχίδαμος
615 756 798 802 ξύγκειται
818 758 893 792 &c.
951 755 1360 792 AREOPAGITICA
1391 751 1604 790 ORATIO

157 812 262 849 aliud
285 826 420 850 nomen
439 814 561 860 (quod
583 815 715 861 sciam)
741 827 816 851 uon
847 815 988 851 habet:
1018 815 1085 851 sed
1115 821 1263 852 tantum
1282 812 1608 863 Ἀρειοπαγιτικός

160 875 276 920 λόγος
291 887 309 909 a
331 873 484 910 Graeeis
515 873 650 911 itidem
669 881 842 912 vocatur.
900 875 1094 924 Interpres
1113 874 1342 911 senatoriam
1369 872 1447 908 sive
1474 884 1608 908 censo-

156 932 264 978 riam,
284 940 349 970 aut
370 933 418 970 de
438 933 667 983 corrigenda
687 941 727 971 et
752 934 967 972 ordinanda
986 934 1198 983 republica,
1227 932 1307 970 dici
1335 944 1449 982 posse
1478 930 1606 967 existi·

158 1000 251 1030 mat.
308 994 458 1043 Scopus
477 994 579 1031 enim
599 994 698 1044 ejuS‚
718 1001 755 1032 et
776 1008 920 1032 summa
938 1001 996 1032 est
1015 1008 1024 1032 :
1051 995 1106 1032 ὅτι
1125 995 1176 1032 δεῖ
1195 997 1262 1040 τὴν
1275 994 1526 1044 ὀχλοκρατίαν
1546 991 1605 1026 καὶ

153 1056 349 1108 ἀναρχίαν
367 1057 574 1098 ἀνελόντας
588 1055 895 1105 μεταλαμβάνειν
913 1056 1177 1106 δημοκρατίαν,
1207 1054 1458 1092 Existimatttr
1477 1057 1604 1089 autem

155 1123 291 1154 vocata
318 1116 435 1154 fuisse
457 1117 730 1167 Areopagitica
755 1118 839 1155 haec
865 1117 1003 1164 oratio,
1030 1117 1135 1165 quod
1167 1117 1217 1154 ab
1245 1116 1417 1153 Isocrate
1450 1113 1488 1149 in
1520 1113 1604 1160 ipso

155 1178 360 1227 Areopago
380 1177 510 1215 habita
524 1177 656 1215 suerit:
687 1177 755 1215 sed
774 1177 855 1215 fieri
872 1178 987 1215 etiam
1003 1185 1133 1228 potest
1154 1178 1257 1227 (meo
1270 1175 1424 1224 quidem
1437 1171 1605 1222 judicio)

158 1244 201 1275 ut
220 1251 242 1274 a
260 1237 448 1287 dignitate
477 1245 516 1275 et
546 1238 770 1287 praestantia
799 1251 936 1276 nomen
970 1239 1062 1286 hoch-
1076 1244 1287 1276 co'usecuta
1315 1237 1390 1275 sit:
1419 1242 1603 1283 tanquam

153 1298 270 1348 digna
291 1310 377 1345 quae
399 1298 456 1334 vel
478 1297 515 1334 in
538 1298 665 1334 medio
685 1298 894 1348 Areopago
917 1299 1138 1336 haberetur.
1170 1299 1235 1335 Sic
1251 1297 1298 1334 de
1319 1295 1491 1333 oratione
1513 1304 1602 1342 quae

153 1358 412 1397 Archidamus
431 1358 662 1402 inscribitur,
681 1359 868 1396 creditum
889 1366 946 1396 est
965 1373 987 1396 a
1007 1358 1249 1407 quibusdam,
1274 1359 1328 1395 sic
1350 1370 1434 1394 esse
1457 1355 1604 1392 dictam

154 1419 261 1469 quod
278 1419 511 1456 Archidamo
532 1417 765 1455 conveniens
786 1427 899 1464 esset,
922 1433 967 1457 ac
984 1420 1101 1469 digna
1121 1432 1209 1468 quae
1229 1419 1279 1455 ab
1297 1431 1343 1455 eo
1364 1415 1466 1466 apud
1482 1415 1604 1451 Lace-

152 1481 367 1518 daemonios
402 1481 621 1518 haberetur.
682 1481 939 1530 Subjungitur
971 1481 1135 1518 orationi
1165 1479 1446 1529 Areopagiticae
1479 1474 1603 1512 oratio

153 1542 202 1579 de
221 1554 329 1591 pace,
350 1541 529 1591 inscripta
560 1542 596 1580 Ο
623 1542 751 1580 ΠΕΡΙ
770 1541 1002 1578 ΕΙΡΗΝΗΣ
1029 1541 1227 1586 ΛΟΓΟΣ,
1248 1542 1306 1577 vel
1323 1539 1360 1578 O
1385 1537 1606 1576 ΣΥΜΜΑ-

150 1602 317 1642 ΧΙΚΟΣ
346 1603 399 1651 (id
423 1610 492 1648 est,
513 1604 693 1651 socialis),
712 1611 748 1641 et
770 1604 927 1653 quidem
955 1604 1005 1641 ab
1026 1604 1235 1641 Aristotele
1263 1603 1336 1639 hoc
1363 1600 1515 1639 nomine
1535 1611 1600 1635 vo·

149 1672 272 1702 catur.
304 1664 416 1702 Unde
432 1671 557 1701 autem
579 1678 718 1702 nomen
735 1665 809 1701 hoc
826 1664 878 1700 illi
895 1664 1025 1702 datum
1045 1665 1106 1711 sit,
1120 1679 1164 1702 ex
1181 1670 1408 1714 argumento
1423 1659 1602 1710 Dionysii

152 1724 435 1763 Halicarnassei
462 1725 618 1775 intelligi
650 1732 792 1776 potest.
851 1725 895 1762 In
925 1725 1159 1774 quibusdam
1193 1726 1298 1763 libris
1320 1723 1512 1762 veteribus
1543 1721 1600 1758 his

148 1786 276 1824 verbis
297 1786 390 1838 Περὶ
409 1788 556 1836 εἰρήνης
575 1786 772 1835 adjectum
794 1793 851 1823 est
873 1785 1191 1836 συμβουλευτικός.
1248 1785 1405 1822 Alicubi
1419 1791 1546 1822 autem
1563 1789 1602 1820 et

147 1847 213 1885 τὸν
227 1848 406 1897 εἰρηνικὸν
420 1848 540 1895 λόγον
552 1847 776 1884 nominatim
792 1846 933 1883 inveni.
968 1847 1107 1884 Oratio
1124 1847 1305 1896 inscripta
1322 1844 1599 1883 EVAGORAE

149 1908 471 1952 ENCOMIUM,
497 1908 641 1945 alicubi
673 1914 711 1946 et
751 1907 1046 1946 EVAGORAS
1085 1907 1312 1957 simpliciter
1345 1912 1523 1949 vocatur,
1557 1911 1601 1941 ut

148 1969 275 2006 videre
295 1976 354 2006 cst
372 1969 473 2018 apud
494 1968 858 2018 Harpocrationem.
915 1968 1043 2005 Habet
1064 1981 1150 2005 vero
1171 1976 1211 2005 et
1231 1967 1303 2004 alia
1323 1966 1491 2004 nomina.
1513 1978 1598 2003 nam

147 2030 378 2080 Σαλαμίνιος
402 2030 516 2067 etiam
545 2033 674 2078 λόγος,
702 2037 741 2067 et
770 2031 948 2081 Κύπριος,
975 2037 1012 2067 et
1036 2030 1253 2079 Ἐπιτάφιος
1286 2028 1527 2078 appellatur:
1559 2034 1600 2064 ut

147 2092 263 2130 etiam
278 2091 468 2142 interpres
487 2099 661 2129 annotat.
719 2091 858 2129 Mirum
875 2098 935 2128 est
956 2104 1046 2128 vero
1065 2105 1149 2128 eum
1167 2091 1367 2140 scripsisse
1384 2090 1519 2128 eadem
1537 2089 1599 2127 illa

149 2154 304 2191 nomina
330 2153 422 2196 dim,
448 2152 680 2203 Σαλαμίνιος
716 2159 754 2190 et
776 2153 958 2202 Κύπριος,
980 2153 1062 2189 dari
1093 2153 1256 2189 orationi
1292 2165 1380 2201 quae
1418 2150 1600 2188 Nicocles

146 2215 390 2265 appellatur:
421 2226 466 2251 ac
486 2227 622 2251 vercor
642 2227 688 2251 ne
710 2213 900 2251 memoriae
922 2213 1029 2262 lapsu
1049 2213 1194 2250 sactum
1217 2213 1291 2250 hoc
1315 2213 1378 2250 sit.
1436 2213 1488 2249 At
1509 2212 1598 2249 huic

147 2276 313 2314 orationi
332 2289 420 2326 quae
441 2277 638 2326 Evagoras
655 2275 714 2313 vel
730 2276 917 2325 Evagorae
939 2276 1165 2312 Encomium
1187 2274 1342 2319 dicitur,
1370 2287 1483 2325 posse
1509 2286 1600 2311 con-

148 2338 290 2383 venire,
309 2350 355 2375 ex
377 2340 457 2385 ejus
477 2345 719 2388 argumento,
737 2350 886 2374 necnon
908 2350 954 2374 ex
976 2337 1018 2373 iis
1041 2349 1128 2387 quae
1148 2336 1184 2373 in
1208 2337 1292 2386 ipsa
1313 2337 1489 2374 oratione
1505 2336 1598 2372 scri-

148 2399 304 2444 buntur,
324 2398 423 2436 disci
451 2406 594 2449 potest.
651 2399 758 2436 Sicut
781 2397 936 2447 quidam
965 2412 1012 2435 ex
1036 2398 1220 2448 Evagorae
1240 2398 1426 2435 Encomio
1453 2397 1598 2447 aliquid

145 2460 363 2505 afferentes,
383 2459 557 2497 citabant
571 2459 764 2497 interdum
785 2459 993 2496 Isocratem
1016 2458 1053 2496 in
1081 2459 1269 2509 Evagora,
1290 2458 1489 2496 brevitatis
1518 2471 1599 2507 gra-

144 2521 210 2567 tia,
229 2521 283 2558 sic
313 2522 425 2558 etiam
448 2521 661 2559 Isocratem
691 2520 728 2557 in
750 2520 911 2564 Helena,
933 2533 1005 2570 pro
1024 2519 1098 2557 illis
1118 2521 1256 2565 verbis,
1284 2520 1321 2557 in
1344 2520 1504 2557 Helenae
1525 2520 1599 2556 En-

143 2582 287 2622 comio.
344 2582 565 2632 Itidemque
595 2582 693 2620 etin
721 2589 907 2633 sequente
928 2582 1116 2620 Encomio
1136 2583 1326 2620 Busiridis
1345 2595 1428 2621 mos
1455 2581 1528 2620 fuit
1555 2589 1598 2619 ut

144 2644 336 2681 Isocrates
356 2643 392 2680 in
417 2643 607 2689 Busiride,
623 2656 696 2693 pro
716 2643 788 2680 illis
809 2643 950 2689 verbis,
973 2643 1164 2681 Isocrates
1195 2645 1230 2682 in
1254 2644 1442 2682 Busiridis
1470 2644 1596 2681 Enco-

143 2705 233 2749 mio,
254 2704 452 2742 citaretur.
511 2704 943 2741 PANATHENAICA
974 2705 1184 2742 ORATIO
1213 2713 1377 2744 vocatur
1401 2705 1489 2751 ista,
1512 2705 1596 2742 nul-

144 2766 261 2815 loque
281 2764 372 2810 alio,
394 2772 436 2802 ut
455 2764 608 2814 opinor,
630 2765 810 2803 nomine:
843 2764 909 2802 sed
929 2779 1047 2816 quum
1074 2767 1260 2817 interpres
1280 2767 1316 2805 in
1347 2767 1467 2804 dubio
1488 2767 1599 2804 relin-

145 2833 252 2876 quat,
271 2839 319 2863 an
345 2826 396 2864 ita
419 2833 556 2863 vocata
578 2826 624 2863 sit
653 2839 698 2863 ex
718 2840 765 2864 eo
787 2827 891 2875 quod
913 2827 1074 2877 injfesto
1098 2829 1158 2866 cui
1179 2842 1318 2866 nomen
1339 2829 1594 2866 Panathenaea

143 2887 275 2925 habita
290 2894 363 2932 est,
376 2900 422 2924 an
438 2900 528 2925 vero
545 2886 648 2936 quod
663 2888 790 2925 πάντα
803 2891 847 2925 ra*
859 2887 1072 2935 Ἀθηναίων
1087 2891 1357 2942 κατορθώματα
1376 2893 1593 2937 καταλέγειι

145 2961 220 2985 nou
241 2948 399 2986 dubium
424 2955 477 2985 cst
500 2949 593 2997 quin
616 2949 732 2998 priori
762 2949 814 2986 illi
842 2955 968 3000 etymo
995 2952 1279 2990 assentiendum
1310 2955 1354 2991 sit
1386 2953 1528 3002 potius,
1557 2959 1594 2989 ct
