1914 3314
697 200 785 242 AD
819 200 1190 247 ISOCRATEM.

251 310 328 342 ibid.
353 311 478 353 superbi
491 316 523 343 et
534 312 684 350 seditiosi,
696 314 844 356 Philippo
857 314 920 345 cari

253 355 382 394 ejusque
398 355 529 386 finitimi.
544 358 620 387 756.

209 396 325 426 Thetis.
342 400 418 428 445.
442 398 574 428 Achillis
589 403 697 429 mater.
713 401 789 429 477.

207 439 323 469 Thibro
351 441 482 480 Lydiam
512 446 606 472 totam
633 442 837 481 depopulatus
863 447 920 473 est.

208 524 353 560 Thraces,
377 525 608 564 antiquissimus
630 530 662 555 et
684 526 920 566 potentissimus

251 568 398 607 populus.
414 570 489 598 194.
514 579 583 598 cum
599 569 753 608 Eumolpo
777 569 807 598 in
823 569 919 599 Athe-

250 610 403 640 niensium
418 614 528 640 terram
547 612 737 650 irruperunt.
753 612 826 642 195.
852 612 921 641 fini-

248 653 308 682 bus
324 653 388 682 suis
410 653 448 682 ab
463 653 703 683 Atheniensibus
724 654 819 692 pulsi.
843 654 917 684 ibid.

250 705 355 724 eorum
372 695 401 724 in
418 695 550 725 Atticam
572 697 725 726 incursio.
748 697 824 726 305.
848 707 918 726 cum

249 738 406 776 Eumolpo
428 737 459 767 in
475 739 611 768 Atticam
635 739 820 779 irrumpunt.
844 741 918 770 551.

248 779 355 810 iidem.
370 782 447 811 393.

205 821 430 862 Thrasybulus.
446 824 522 853 711.

205 864 397 905 Thrasyllum
409 869 487 896 724.

206 907 528 948 Thrasyloehus.722.
546 919 627 944 enm,
640 908 732 948 quiin
746 908 921 948 AEginetica

248 961 318 981 reus
331 957 387 988 est,
397 951 557 991 adoptavit
567 951 656 990 eique
669 952 761 981 fratre
771 952 920 991 Sopolide

248 999 368 1024 mortuo
392 1003 527 1024 sororem
543 1004 629 1024 suam
655 1005 712 1024 uua
735 1005 803 1024 cum
822 995 919 1034 patri·

247 1037 351 1067 monio
366 1037 506 1068 tradidit.
519 1039 595 1068 726.

202 1078 411 1110 Timodemns.
425 1082 501 1110 706.

201 1121 396 1152 Timotheus.
415 1125 490 1152 348.
525 1122 721 1151 Atheniensis
749 1122 826 1157 dux,
850 1122 920 1150 Iso-

247 1165 342 1194 cratis
365 1163 536 1198 familiaris,
563 1164 602 1194 de
625 1163 815 1194 Mutilenaeis
841 1163 919 1192 bene

244 1207 386 1237 meritus.
396 1209 470 1237 774.
494 1207 656 1236 Timotheo
668 1207 823 1236 Heracleo
835 1216 919 1235 com·

245 1246 410 1279 mendatur
424 1250 607 1279 Autocrator
621 1250 659 1278 ab
673 1250 825 1278 Isocrate.
843 1249 917 1278 768.

203 1292 336 1322 Tiribazi
346 1292 501 1322 exercitus
515 1302 532 1321 e
548 1291 666 1321 Graecis
678 1296 831 1321 constans.
844 1293 917 1322 222.

201 1335 318 1365 Tisias.
349 1337 423 1366 672.
462 1335 519 1364 sub
551 1334 683 1373 imperio
714 1333 918 1372 Trigintavir-

245 1388 332 1407 orum
349 1379 480 1408 Senator
495 1377 564 1407 suit.
580 1379 656 1408 683.
687 1376 806 1406 civitati
823 1376 919 1406 Athe·

245 1421 394 1451 niensium
410 1430 565 1459 nunquam
581 1419 709 1459 profuit.
728 1421 801 1450 685.

200 1463 406 1500 Tithraustes,
427 1463 629 1494 ,clarissimus
650 1463 815 1492 Persarum
840 1462 916 1492 dux.

201 1549 343 1579 Triballi.
358 1551 434 1580 415.
456 1548 591 1579 omnium
609 1547 766 1578 hominum
782 1547 917 1578 maxime

244 1593 426 1623 concordes.
438 1593 514 1624 560.

1583 210 1663 253 881

954 317 1385 395 T52¹12³21²⁰13032¹i23322⁰¹513
1390 323 1664 397 ''Jfssfflmziss

996 403 1098 432 donat.
1131 403 1221 435 299.’
1251 407 1550 438 Lacedaemoniorum
1592 420 1662 446 rex,

998 444 1127 476 Helenae
1139 452 1237 485 pater.
1251 450 1326 480 469.
1358 449 1362 452 ”

1287 525 1334 555 X.

954 574 1140 606 Xenotimus
1153 577 1275 607 Carcini
1291 577 1382 608 filius.
1397 580 1472 610 701.
1487 581 1564 610 708.

954 617 1091 648 Xerxes.
1113 621 1186 649 196.
1207 619 1276 658 ipse
1299 621 1363 650 dux
1388 627 1491 652 contra
1515 624 1656 659 Graecos,

997 670 1101 690 omnes
1108 661 1191 691 Asiae
1200 662 1314 692 incolas
1322 671 1496 703 congregat.
1504 667 1576 696 202.
1590 675 1661 695 cum

997 703 1095 733 classe
1121 714 1178 742 per
1201 705 1406 736 continentem
1430 708 1562 746 navigat.
1579 708 1659 738 ibid.

997 747 1232 785 Hellespontum
1245 749 1454 788 pontejungit.
1465 750 1540 779 ibid.
1556 750 1660 780 Athon

996 789 1140 828 perfodit.
1155 790 1230 820 ibid.
1255 793 1320 830 ejus
1336 792 1444 821 classis
1461 792 1543 822 mille
1556 797 1586 822 et
1600 793 1657 823 du·

997 836 1152 862 centarum
1177 833 1309 863 navium.
1334 837 1409 865 205.
1429 837 1502 865 217.
1526 836 1658 865 classem

996 874 1219 905 Atheniensem
1247 876 1305 906 sibi
1331 877 1496 915 adjungere
1519 878 1658 916 cupiens,

996 927 1104 955 magna
1134 918 1195 947 illis
1226 919 1350 957 praemia
1380 920 1553 958 pollicetur.
1581 921 1659 950 205.

996 960 1081 990 mille
1098 964 1128 990 et
1143 961 1480 992 ducentistriremibus
1501 968 1532 992 et
1554 968 1658 1003 septu·

997 1002 1082 1042 agies
1103 1004 1241 1033 centenis
1258 1005 1395 1034 millibus
1414 1005 1562 1043 peditum,
1580 1015 1659 1044 quo-

996 1056 1062 1074 rum
1087 1046 1201 1083 septies
1226 1053 1352 1077 centena
1370 1048 1465 1077 millia
1481 1058 1564 1077 arma
1581 1048 1659 1077 fere-

996 1088 1078 1121 bant,
1103 1089 1253 1118 Graeciam
1277 1090 1402 1118 invasit.
1425 1092 1499 1121 516.
1523 1091 1589 1127 ejus
1605 1100 1660 1118 ex-

995 1130 1125 1167 peditio.
1137 1133 1209 1162 543.
1221 1137 1357 1170 tempore
1367 1132 1502 1160 Cononis
1513 1132 1661 1162 victoriae.

995 1173 1071 1203 593.
1087 1172 1189 1203 Xerxi
1203 1173 1276 1212 quid
1288 1174 1444 1204 acciderit.
1456 1176 1531 1204 752.

1293 1234 1330 1263 Ζ.

952 1284 1035 1314 Zeno
1051 1285 1181 1325 probare
1202 1289 1330 1314 conatus
1345 1289 1403 1321 est,
1419 1285 1525 1316 eadem
1541 1285 1606 1315 fieri
1625 1289 1658 1316 et

993 1337 1052 1356 non
1071 1328 1136 1358 fieri
1152 1338 1254 1366 posse.
1267 1329 1341 1357 465.

951 1374 1032 1404 zeus
1048 1371 1189 1402 Nicoclei
1210 1370 1332 1409 generis
1354 1374 1470 1401 auctor.
1487 1373 1560 1400 147.
1584 1371 1656 1400 Sar-

993 1416 1124 1457 pedonis
1146 1420 1241 1453 pater.
1259 1415 1333 1444 477.
1362 1413 1430 1452 ipse
1451 1413 1658 1452 pulcritudine

994 1459 1132 1488 inferior.
1150 1459 1223 1489 478.
1246 1455 1387 1485 imbrium
1403 1461 1433 1485 et
1448 1455 1596 1485 siccitatis
1609 1465 1658 1485 ar-

994 1502 1085 1531 biter.
1102 1502 1176 1532 486.
1202 1498 1374 1530 Archidami
1396 1498 1516 1537 generis
1537 1502 1656 1528 auctor.

994 1547 1068 1576 ¹776.

951 1588 1076 1618 Zeuxis.
1092 1589 1166 1618 602.

429 1667 700 1755 INDEX
753 1664 1429 1754 GEOGRAPiiICUS

640 1797 732 1839 AD
789 1793 1216 1838 ISOCRATEM.

199 1886 354 1924 Annus,
370 1896 424 1916 seu
440 1896 522 1917 mare
539 1886 694 1922 Ionicum,
711 1886 759 1917 vel
775 1885 914 1916 Adriati-

236 1940 326 1965 chm.
343 1932 418 1961 258.

201 1972 325 2012 AEgina.
342 1974 418 2003 444.
430 1974 507 2003 729.

200 2015 362 2054 AEgyptus
375 2026 393 2044 a
405 2026 477 2054 rege
490 2015 656 2044 Persarum
670 2014 828 2044 deficiens.
838 2015 913 2044 224.

243 2069 334 2097 quum
348 2058 502 2088 Isocrates
513 2057 737 2097 Panegyricum
751 2057 914 2095 scribebat,

243 2111 261 2130 a
277 2100 440 2131 Persarum
461 2111 532 2139 rege
558 2100 681 2130 defecit.
703 2102 778 2130 237.
824 2100 914 2129 Arta-

242 2154 343 2174 xerxe
379 2143 547 2174 Mnemone
581 2143 750 2181 imperante
787 2142 915 2177 defecit,

243 2187 424 2226 Ochumque
447 2186 563 2215 bellum
586 2186 644 2215 sibi
668 2186 847 2214 inferentem
866 2186 912 2213 fu·

245 2230 330 2269 gavit
341 2235 371 2259 et
385 2229 503 2258 derisit.
518 2231 591 2259 278.
616 2229 743 2268 AEgypti
760 2238 827 2258 rex.
840 2229 913 2257 510.

242 2272 344 2312 patria
374 2272 484 2301 Danai.
512 2274 587 2302 480.
647 2271 731 2301 illius
767 2269 914 2300 naturalis

241 2314 380 2344 conditio
408 2315 476 2344 aliis
506 2313 686 2351 regionibus
716 2315 806 2352 louge
835 2323 914 2351 prae-

242 2358 380 2388 stantior.
397 2358 471 2388 486.
516 2357 624 2386 incolae
641 2358 707 2394 ejus
723 2355 866 2385 imbrium
883 2360 914 2384 et

243 2399 356 2439 inopiae
381 2410 525 2439 aquarum
552 2399 670 2428 arbitri.
695 2399 770 2429 ibid.
817 2398 912 2427 iidem

241 2443 308 2474 Nili
331 2443 482 2473 beneficio
502 2442 707 2472 continentem
729 2447 760 2470 et
779 2440 911 2470 insulam

241 2485 332 2516 simul
349 2486 495 2516 incolunt.
511 2487 586 2516 487.
632 2484 762 2523 AEgypti
785 2484 911 2513 sormam

241 2529 379 2559 civitatis
412 2527 605 2558 celeberrimi
640 2528 810 2566 scriptores
841 2526 912 2555 aliis

242 2576 440 2611 anteponunt.
456 2571 531 2600 ibid.
557 2570 775 2610 [Egyptiorum
792 2568 912 2607 religio.

241 2617 317 2646 489.
351 2625 456 2644 eorum
473 2614 684 2644 adolescentes
700 2622 823 2652 operam
840 2612 912 2641 dant

241 2658 448 2693 astronomiae,
485 2656 696 2692 arithmeticae,
719 2655 913 2694 'geometriam

240 2701 320 2732 ibid.
366 2700 542 2731 sacerdotes
568 2699 642 2728 artis
668 2698 797 2728 medicae
823 2697 912 2727 auxi-

239 2744 317 2774 lium
328 2743 519 2778 invenerunt,
531 2753 588 2772 non
602 2741 809 2781 periculosum
824 2739 911 2775 illud,

241 2787 300 2818 aed
328 2791 436 2817 tutum.
468 2789 542 2816 488.
587 2784 730 2823 AEgyptii
757 2783 852 2812 validi
881 2788 912 2812 et

244 2829 385 2860 vivaces.
401 2830 475 2860 ibid.
492 2839 607 2859 'eorum
627 2828 794 2857 belluarum
811 2825 911 2855 cultus

194 2887 200 2891 -
243 2866 324 2903 nuda
340 2872 490 2913 originem
507 2870 648 2902 traxerit.
664 2872 739 2902 489.

202 2914 317 2946 AEolis.
331 2917 407 2946 22⁷.

200 2957 412 2997 Amphipolis.
428 2960 503 2990 409.
548 2960 613 2997 ejus
638 2953 792 2996 possessio
816 2964 911 2993 neque

245 3000 392 3041 Philippo
422 3011 520 3042 neque
548 2999 787 3032 Atheniensibus
817 2997 912 3028 utilis,

991 1885 1066 1915 253.
1089 1885 1127 1914 de
1145 1884 1195 1913 illa
1212 1882 1368 1913 Isocrates
1389 1881 1555 1912 orationem
1579 1881 1655 1911 scri-

991 1932 1105 1968 pserat,
1123 1928 1298 1966 priusquam
1316 1925 1519 1964 Philippicam
1530 1934 1656 1963 compo-

990 1975 1088 2000 neret.
1106 1972 1180 2000 251.
1203 1969 1314 2000 bellum
1330 1969 1369 1999 de
1382 1967 1560 2006 Amphipoli
1578 1967 1657 1996 inter

989 2013 1195 2043 Athenienses
1220 2017 1252 2042 et
1274 2012 1464 2050 Philippum,
1494 2010 1655 2039 multarum

992 2056 1197 2085 calamitatum
1214 2065 1313 2084 causa.
1331 2056 1405 2084 255.

947 2099 1103 2137 Aphidna,
1118 2098 1227 2127 demus
1243 2097 1378 2128 Atticus.
1396 2098 1471 2127 469.

948 2142 1060 2180 Argos.
1089 2143 1164 2172 515.
1193 2143 1268 2171 547.
1312 2150 1329 2169 a
1357 2141 1463 2169 Danao
1496 2141 1657 2177 occupata.

989 2186 1065 2214 480.
1096 2185 1133 2213 ab
1153 2183 1329 2213 Heraclidis
1344 2186 1503 2221 occupata.
1520 2182 1593 2211 192.
1624 2180 1653 2209 in

990 2226 1132 2256 maximis
1148 2231 1197 2256 est
1213 2232 1242 2255 et
1260 2235 1380 2263 semper
1394 2225 1453 2254 suit
1467 2222 1595 2253 Graeciae
1611 2222 1654 2252 ci-

990 2269 1148 2298 vitatibus.
1165 2269 1241 2298 ibid.
1288 2267 1421 2307 Philippi
1437 2265 1546 2306 patria.
1563 2266 1638 2295 261.

948 2312 1158 2346 Artemisium,
1176 2312 1250 2341 203.

946 2354 1034 2384 Asia.
1063 2356 1135 2385 255.
1163 2355 1238 2384 308.
1261 2354 1336 2384 5¹5.
1380 2351 1465 2382 Asiae
1489 2361 1556 2381 rex.
1580 2352 1655 2382 272.

993 2397 1067 2426 Asia
1081 2398 1118 2425 ab
1133 2397 1280 2436 Agesilao
1293 2395 1382 2425 armis
1398 2395 1505 2435 petita,
1522 2398 1656 2423 vastata·

988 2450 1058 2478 que.
1081 2441 1155 2470 268.
1200 2444 1338 2478 tempore
1363 2437 1509 2468 orationis
1533 2435 1654 2475 Philip-

987 2483 1065 2522 picae
1082 2482 1261 2512 fortunatior
1278 2482 1410 2520 Europa.
1432 2482 1506 2510 286.
1551 2479 1654 2508 Asiam

985 2523 1175 2564 καξποῦσθαι.
1202 2527 1275 2556 239.
1320 2524 1403 2553 illius
1433 2523 1528 2552 totius
1556 2523 1654 2559 Cyrus

987 2567 1140 2598 dominus.
1155 2570 1229 2598 269.
1274 2566 1304 2597 ἐκ
1320 2569 1370 2600 τῖς
1385 2565 1485 2598 Ἀσίας
1500 2567 1548 2594 τὶν
1563 2563 1652 2592 εἰδω-

988 2609 1084 2651 μονίαν
1103 2610 1142 2644 εἷς·
1161 2612 1208 2641 ‘riv
1230 2611 1356 2649 sipi-mm
1379 2607 1557 2647 διακομίζειν.
1579 2607 1654 2635 248.

988 2653 1066 2684 Asia
1082 2654 1216 2693 (minor)
1235 2658 1362 2683 vocatur
1378 2656 1492 2681 tractus
1509 2661 1525 2679 a
1542 2648 1653 2678 Cilicia

988 2698 1025 2726 ad
1042 2696 1191 2735 Sinopen,
1207 2706 1293 2735 quam
1309 2704 1485 2735 expugnare
1498 2693 1652 2721 Isocrates

989 2739 1098 2769 suadet
1118 2739 1273 2779 Philippo.
1291 2739 1366 2768 283.
1405 2737 1486 2766 illius
1510 2734 1652 2764 civitates

988 2782 1117 2812 liberare
1130 2783 1239 2812 suadet
1251 2782 1406 2820 Philippo.
1420 2782 1459 2807 ⁴28
1471 2782 1493 2807 t.
1517 2787 1533 2806 a
1552 2776 1653 2806 Cnido

990 2835 1086 2863 usque
1115 2825 1151 2854 ad
1180 2825 1311 2864 Sinopen
1342 2834 1358 2852 a
1385 2821 1507 2851 Graecis
1529 2819 1652 2848 colitur.

989 2870 1062 2898 2¹:37.
1109 2867 1186 2897 Asia
1210 2873 1299 2906 atque
1321 2867 1444 2905 Europa
1472 2863 1539 2892 duae
1563 2866 1651 2892 terrac

989 2910 1084 2940 totius
1100 2916 1212 2949 partes.
1230 2913 1302 2942 242.

945 2952 1127 2994 Aspendus.
1147 2955 1220 2983 677.

945 2996 1109 3027 Atarneus.
1127 2998 1201 3026 297.

935 3041 953 3068 5
968 3050 988 3070 υ
