1914 3314
687 195 1091 242 ΕΥΑΓΟΡΑΣ.

1499 185 1607 239 439

177 314 326 382 με’νων,
346 312 478 364 οἷλλοὶ
503 335 582 364 και
602 335 746 403 >4030ae
769 335 846 364 και
866 311 1052 381 μουσικῇ
1073 331 1150 359 και
1171 314 1397 376 γυμνικοῖς
1422 303 1609 371 ἄγωσιν,

180 386 246 439 ’έτι
277 383 318 438 δε
351 385 465 461 πρδς
491 387 659 444 τούτοις
688 383 852 438 ἵππων
877 408 933 436 τε
950 382 1038 436 καὶ
1068 383 1243 456 τριήρων
1263 378 1511 450 ἁμίλλαις,
1524 401 1611 430 και

178 517 258 552 fore,
294 526 392 556 neque
433 516 492 546 sibi
530 516 659 546 insidias
691 518 876 545 structurum

181 559 401 589 existimarent.
435 558 490 600 (ια’
492 558 516 598 .)
536 560 583 588 Ac
604 558 678 587 licet
693 559 760 587 duae
773 557 820 586 hae
837 556 874 584 de

181 602 322 640 Evagora
337 601 493 640 opiniones
517 600 647 630 maxime
668 601 745 629 inter
766 609 799 627 se
815 598 877 627 dis-

182 649 353 683 creparent,
380 651 486 674 neutra
508 648 607 673 tamen
629 652 682 671 eos
697 641 815 676 fefellit,
834 639 874 669 si·

182 686 303 724 quidem
319 696 394 716 unus
421 696 438 715 e
459 685 636 724 proceribus
655 690 813 724 tyranuum
828 693 879 712 oc-

183 728 270 766 cidit,
288 730 445 768 Evagoras
467 739 550 764 vero,
575 738 661 766 quem
686 727 737 756 ille
759 725 848 755 simul
864 736 881 754 e

182 772 284 800 medio
308 772 414 801 tollere
440 771 535 800 tutius
565 770 692 809 putavit,
720 767 880 798 incolumis

184 814 273 843 Solos
297 813 416 843 Ciliciae
439 814 543 843 urbem
565 813 709 851 perfugit.
759 813 881 850 Despe-

184 855 242 885 ctis
256 856 325 885 inde
336 855 474 894 fugitivis
486 856 656 890 erronibus,
669 854 883 891 adhibitisque,

183 902 220 927 ut
242 898 379 937 plerique
395 898 513 933 dicunt,
533 898 748 936 quinquaginta
768 901 883 925 tantum

185 940 368 976 hominibus,
381 940 459 969 unde
475 940 591 968 animus
608 940 744 976 ejusdem
757 942 787 966 et
802 937 884 976 apud

186 983 285 1012 socios
301 982 465 1011 auctoritas
478 984 616 1019 apparet,
631 980 762 1009 reditum
778 979 810 1007 in
830 989 884 1017 pa-

185 1024 273 1054 triam
291 1023 349 1053 sibi
364 1023 534 1063 patefacere
548 1033 708 1062 aggressus
724 1026 783 1050 est.
801 1019 884 1061 (ιβ’.)

184 1069 284 1105 Atque
299 1076 367 1095 cum
388 1066 436 1095 his
451 1066 556 1104 paucis
579 1075 636 1094 non
651 1064 808 1094 castellum
830 1063 885 1092 ali-

185 1109 265 1147 quod
280 1108 395 1138 firmum
411 1107 583 1147 occupavit,
596 1107 650 1138 sed
661 1118 696 1137 ea
707 1108 774 1146 ipse
785 1110 884 1141 nocte,

185 1161 245 1190 qua
264 1162 281 1180 e
301 1151 371 1181 navi
385 1152 594 1185 descenderat,
616 1154 701 1190 porta
720 1149 798 1179 muri
817 1159 887 1187 per-

184 1194 280 1227 fracta
288 1192 432 1233 impetum
442 1194 472 1223 in
481 1194 595 1232 regiam
602 1192 792 1231 fecit,ueque
803 1191 887 1229 prius

184 1245 319 1275 pugnare
344 1237 492 1266 adversus
512 1236 597 1275 regis
617 1236 764 1266 satellites
784 1233 888 1269 desiit,

186 1288 275 1318 quam
289 1285 378 1318 capta
398 1279 482 1318 regia
497 1283 527 1308 et
542 1278 657 1317 patrios
678 1279 806 1308 honores
826 1286 888 1306 suae

185 1321 308 1352 familiae
328 1321 513 1352 restituisset
531 1327 562 1351 et
581 1321 736 1351 dominum
754 1319 889 1349 civitatis

187 1374 221 1397 sc
243 1365 311 1404 ipse
341 1364 560 1395 constituisset.
597 1363 682 1405 (ιγ’.)
711 1364 890 1401 Quanquam

189 1417 262 1436 vero
276 1409 426 1446 Evagorae
441 1406 536 1437 virtus
555 1417 716 1445 rerumque
731 1406 769 1435 ab
784 1415 822 1435 eo
837 1415 888 1442 ge-

190 1455 302 1479 starum
325 1449 501 1489 magnitudo
527 1460 567 1479 ex
593 1449 640 1478 his
657 1451 719 1488 jam
741 1447 813 1478 satis
836 1457 890 1486 ap·

189 1496 304 1531 pareat,
321 1497 476 1530 utramque
491 1500 589 1522 tamen
601 1491 795 1530 sequentibus
809 1490 888 1519 dilu-

189 1534 288 1564 cidius
301 1535 392 1564 etiam
407 1534 555 1564 declarari
570 1534 709 1565 arbitror.
730 1532 810 1574 (ιδ’.)
827 1533 891 1569 Ne-⁴

189 1587 239 1606 mo
254 1577 332 1607 enim
350 1578 427 1607 inter
450 1587 553 1607 omues
575 1577 705 1606 omnium
721 1583 894 1615 temporum

189 1630 278 1658 reges
291 1619 470 1659 reperietur,
481 1620 531 1659 qui
542 1620 684 1650 honorem
694 1619 809 1659 regium
823 1619 889 1659 pul-

191 1663 273 1702 crius
293 1673 381 1701 quam
401 1662 453 1692 ille
476 1662 685 1701 acquisiverit,
704 1663 889 1701 praestautis-

193 1705 277 1735 simis
306 1705 426 1735 illorum
448 1705 605 1735 brevitatis
631 1715 722 1735 causa
748 1715 813 1735 cum
834 1705 889 1734 illo

191 1747 384 1787 comparatis.
408 1746 483 1788 (ιε’.)
508 1748 586 1787 Quis
608 1758 681 1777 vero
703 1751 765 1777 tam
787 1757 889 1777 socors

192 1794 283 1829 atque
303 1791 432 1830 ignavus
455 1795 512 1826 est,
534 1791 586 1829 qui
605 1790 766 1829 imperium
793 1800 809 1819 a
837 1800 890 1828 pa-

191 1833 325 1863 rentibus
339 1833 490 1872 accipere,
506 1844 594 1872 quam
618 1838 678 1862 tam
697 1837 798 1862 sancte
820 1843 890 1871 par-

192 1880 268 1910 tum,
282 1881 317 1906 ut
338 1876 391 1906 ille
413 1876 497 1912 fecit,
512 1876 618 1905 liberis
640 1875 703 1905 suis
722 1875 890 1913 relinquere

193 1919 350 1948 maluerit?
373 1917 457 1959 (ις’.)
473 1920 519 1948 Ac
538 1919 618 1948 inter
633 1924 753 1948 veteres
768 1918 891 1957 quidem

194 1960 283 1999 patrii
309 1961 395 1999 regni
420 1961 662 2000 recuperationes
691 1971 735 1990 eae
760 1960 893 1991 maxime

195 2003 395 2039 celebrantur,
407 2014 481 2042 quas
496 2014 513 2033 a
528 2004 627 2043 poetis
642 2004 827 2042 accepimus,
839 2014 892 2033 nec

195 2045 351 2086 quisquam
367 2051 464 2076 tamen
481 2057 583 2076 eorum
602 2046 641 2076 de
664 2047 726 2076 ullo
744 2046 893 2076 fabulatus

195 2096 253 2124 est,
269 2089 320 2128 qui
332 2099 386 2127 per
400 2094 458 2118 tarn
475 2090 589 2119 atrocia
603 2094 635 2118 et
652 2089 801 2119 horrenda
813 2089 894 2128 peri-

195 2131 261 2161 cula
276 2133 306 2161 in
321 2142 446 2170 regnum
466 2132 605 2168 redierit,
626 2133 678 2161 sed
700 2133 809 2171 partim
833 2133 894 2162 for-

194 2179 276 2210 tuna,
288 2175 397 2213 partim
409 2175 479 2204 dolo
489 2175 654 2213 fraudeque
662 2176 790 2204 reduces
801 2175 895 2204 factos

194 2227 262 2247 esse
274 2222 394 2247 canunt.
417 2216 479 2258 (ιζ.
484 2215 499 2256 )
516 2219 626 2256 Cyrus,
636 2227 723 2256 quem
739 2228 778 2247 ex
794 2223 894 2256 poste-

193 2259 325 2290 rioribus
338 2260 467 2290 maxime
475 2260 669 2295 admirantur,
683 2265 788 2310 utpote
799 2271 893 2299 regno

193 2303 356 2332 Persarum
377 2302 519 2341 potitum,
537 2303 695 2333 Medorum
719 2304 824 2342 copias
839 2314 894 2333 ex*

195 2345 291 2376 ercitu
306 2345 393 2381 vicit,
408 2346 581 2384 Evagoram
598 2351 696 2375 autern
713 2347 811 2376 animo
828 2350 893 2376 tan-

194 2392 257 2427 tum
282 2398 338 2418 suo
362 2393 392 2418 et
417 2398 544 2427 corpore
565 2388 711 2428 pleraque
727 2389 894 2428 perfecisse

195 2435 324 2470 constat.
369 2433 522 2469 Evagon-as
537 2430 641 2460 hostes
656 2432 779 2467 occidit,
794 2432 894 2470 Cyrus

194 2479 300 2514 contra
321 2473 426 2503 matris
451 2484 514 2509 suae
537 2479 653 2512 patrem
674 2475 836 2509 interemit,
852 2475 895 2504 ita

195 2521 240 2552 ut,
253 2518 280 2546 si
291 2516 591 2555 breviterlibereque
602 2516 762 2546 dicendum
776 2517 826 2553 sit,
838 2527 893 2547 nec

194 2559 353 2599 quisquam
375 2559 556 2595 mortalium,
577 2559 790 2589 immortalium
802 2565 833 2590 et
847 2570 894 2590 se-

194 2601 363 2632 mideorurn
397 2602 533 2641 pulcrius
572 2607 603 2631 et
638 2603 826 2641 splendidius
864 2608 895 2632 et

190 2639 305 2694 iustius
329 2655 455 2684 regnum
481 2644 688 2684 acquisiverit.
709 2644 767 2686 (ιη’.
772 2644 787 2685 )
809 2645 853 2675 At
868 2647 894 2676 si

195 2687 261 2726 quis
281 2687 413 2718 omnium
429 2698 527 2718 rerum
550 2688 640 2727 longe
662 2688 893 2727 pulcherrimam

195 2730 395 2768 pulcherrime
409 2730 450 2760 sit
464 2731 604 2769 adeptus,
620 2731 802 2770 quomodo
795 2742 820 2760 rs
839 2741 894 2770 pro

195 2771 340 2803 sactorum
349 2773 497 2812 dignitate
507 2774 672 2804 collaudari
683 2773 800 2812 possit?
818 2772 897 2814 (20¹.)

196 2814 303 2854 Neque
319 2826 403 2852 vero,
419 2827 512 2856 quum
526 2817 556 2847 iu
573 2816 621 2847 his
638 2816 848 2852 excelluisset,
864 2817 894 2846 in

197 2858 315 2893 caeteris
324 2857 448 2896 inferior
458 2860 553 2890 fuisse
568 2860 747 2898 reperietur.
781 2859 895 2896 Quam-

197 2899 245 2929 vis
268 2900 346 2930 enim
367 2901 492 2941 ingenio
517 2903 694 2933 felicissimo
721 2908 814 2938 esset,
836 2912 895 2932 nnn

196 2947 295 2971 tamen
321 2944 482 2984 quidquam
506 2945 698 2985 negligenter
723 2956 757 2976 ac
782 2951 895 2975 temere

196 2985 270 3023 ⁸83¹»
285 2986 338 3016 sed
352 2986 382 3016 in
393 2987 573 3027 inquirendo
583 2995 615 3020 et
625 2989 788 3028 cogitando
800 2988 894 3028 pluri-

909 523 990 542 mum
1021 512 1167 551 temporis
1197 510 1398 551 consumpsit,
1424 509 1613 545 existimans,

911 555 1008 593 qualis
1023 565 1108 584 mens
1128 555 1179 590 sit,
1192 555 1254 584 tale
1276 559 1306 584 et
1331 563 1455 594 regnum
1479 553 1614 582 futurum

912 607 992 627 esse.
1038 598 1152 625 Eodem
1166 598 1259 636 igitur
1271 597 1418 637 praeclaro
1436 596 1537 631 modo,
1553 604 1613 634 quo

912 649 1007 678 regno
1013 639 1129 678 potitus
1137 643 1194 673 est,
1202 640 1277 668 illud
1284 641 1373 670 etiam
1382 638 1614 669 administravit.

913 682 949 711 Iu
965 680 1097 720 negotiis
1111 685 1196 710 certe
1205 681 1348 720 diligens,
1360 682 1545 716 laboriosus,
1554 680 1616 710 cir-

915 723 1126 763 cumspiciens,
1139 723 1288 752 neminem
1308 725 1420 761 injuria
1434 723 1546 757 affecit,
1562 724 1617 752 bo-

915 777 970 796 nos
984 765 1155 801 honoravit,
1170 766 1264 795 malos
1278 766 1409 804 punivit,
1423 769 1514 803 atque
1535 770 1618 795 tanta

915 810 1029 848 pietate
1045 814 1078 837 et
1093 808 1276 837 humanitate
1300 807 1456 837 civitatem
1468 807 1563 842 rexit,
1583 811 1618 837 ut

914 862 971 881 rex
985 861 1043 881 uon
1059 851 1157 880 minus
1173 860 1261 889 quam
1281 850 1365 879 cives
1380 850 1523 879 fortunati
1535 849 1619 887 judi-

917 898 1065 928 careutur.
1101 893 1228 929 Qamvis
1249 893 1324 921 nibil
1345 892 1524 921 consiliariis
1540 893 1619 921 indi-

917 941 1011 973 geret,
1026 945 1093 964 cum
1108 934 1215 964 amicis
1230 939 1326 964 tamen
1344 934 1619 973 consilium'capie-

916 978 979 1008 bat.
1023 976 1139 1007 Amicis
1153 987 1235 1014 saepe
1244 977 1358 1014 dejure
1369 978 1507 1010 cedebat,
1517 977 1619 1006 hostes

917 1029 1037 1059 semper
1051 1020 1224 1058 superabat.
1252 1018 1347 1048 Nulla
1362 1018 1392 1047 in
1410 1029 1442 1047 re
1459 1019 1575 1048 ordinis
1588 1024 1620 1047 et

918 1061 1096 1092 coustantiae
1111 1062 1269 1100 negligens
1281 1061 1349 1095 suit,
1358 1066 1388 1089 et
1397 1061 1544 1100 quidquid
1554 1071 1621 1090 ver-

918 1105 967 1135 bis
982 1104 1177 1144 promiserat,
1186 1114 1245 1133 non
1258 1104 1357 1133 minus
1367 1105 1521 1138 servabat,
1532 1114 1620 1143 quam

920 1148 947 1177 si
957 1148 1170 1186 jusjurandum
1185 1147 1332 1177 dedisset.
1368 1146 1534 1176 Animosus
1549 1146 1621 1184 fuit,

920 1190 994 1220 alios
1003 1191 1062 1220 sibi
1072 1189 1385 1228 devinciens,ingenia
1394 1189 1520 1219 aliorum
1530 1189 1622 1228 longe

921 1233 1091 1272 superando
1116 1232 1274 1269 terribilis,
1290 1232 1500 1271 voluptatibus
1526 1232 1622 1272 impe-

919 1286 988 1306 rans
1008 1286 1067 1305 non
1090 1276 1241 1312 serviens,
1264 1275 1452 1314 multumque
1476 1275 1536 1305 sibi
1567 1275 1623 1305 otii

921 1319 1034 1349 faciens
1049 1318 1158 1358 paucis
1172 1318 1339 1353 laboribus,
1354 1328 1412 1347 uon
1423 1317 1526 1357 parvis
1539 1318 1624 1348 oble·

921 1361 1103 1392 ctationibus
1115 1361 1228 1392 multos
1240 1362 1361 1391 labores
1371 1361 1429 1391 sibi
1440 1371 1623 1399 praeparans.

921 1406 1021 1444 Atque
1036 1405 1123 1444 plura
1136 1405 1226 1435 etiam
1240 1405 1270 1434 in
1287 1404 1339 1434 illo
1349 1404 1454 1439 fuisse,
1464 1404 1543 1433 facta
1558 1405 1624 1442 ejus

922 1447 1090 1477 declarant.
1111 1446 1181 1488 (κ’.)
1196 1447 1293 1478 Urbis
1303 1457 1365 1476 suae
1378 1448 1494 1481 florem,
1503 1446 1555 1485 qui
1568 1448 1625 1476 sub

921 1490 1099 1521 Pboenicum
1124 1490 1261 1530 imperiis
1289 1494 1468 1526 marcuerat,
1489 1489 1626 1519 restituit

922 1537 953 1564 et
975 1532 1072 1568 auxit,
1090 1543 1213 1572 eamque
1235 1532 1279 1562 ita
1303 1537 1460 1572 potentem
1479 1532 1626 1569 reddidit,

922 1581 966 1612 ut,
983 1576 1036 1614 qui
1051 1575 1133 1605 illam
1157 1581 1245 1606 antea
1267 1579 1522 1614 contempserant,
1544 1585 1626 1605 nunc

922 1619 1117 1650 vehementer
1128 1617 1282 1648 timerent.
1310 1619 1378 1648 Nec
1391 1618 1488 1647 solum
1507 1618 1623 1654 urbem,

923 1663 978 1692 sed
1002 1666 1095 1690 totam
1121 1661 1213 1691 etiam
1240 1660 1369 1690 insulam
1388 1666 1572 1690 mansuetam
1595 1665 1628 1690 et

922 1705 1108 1734 moderatam
1138 1703 1239 1733 efficit.
1298 1704 1376 1732 Nam
1412 1703 1520 1733 incolae
1558 1708 1627 1733 ante

924 1749 1095 1785 Evagoram
1124 1745 1356 1776 inaccessibiles
1386 1750 1417 1775 et
1440 1747 1470 1775 in
1501 1747 1627 1775 Graecos

923 1789 1064 1819 crudeles
1076 1790 1118 1818 ita
1133 1799 1212 1818 nuuc
1225 1788 1333 1818 mutati
1342 1793 1422 1825 sunt,
1435 1794 1468 1818 ut
1481 1789 1511 1818 in
1526 1799 1630 1818 amore

925 1834 1098 1862 Graecorum
1126 1836 1253 1867 certent,
1280 1833 1403 1861 Graecas
1431 1831 1574 1861 mulieres
1597 1831 1629 1860 in

923 1875 1142 1904 matrimonium
1157 1875 1283 1909 ducant,
1297 1874 1472 1913 Graecisque
1483 1879 1513 1903 et
1528 1874 1630 1912 operi·

925 1918 982 1947 bus
997 1923 1028 1947 et
1047 1917 1158 1947 studiis
1179 1918 1377 1947 delectentur.
1410 1916 1500 1957 (καί.)
1519 1917 1629 1955 Itaque

925 1960 1024 1995 multi,
1041 1960 1121 1998 iique
1137 1960 1313 1989 Graeeorum
1334 1961 1422 1998 probi
1438 1959 1496 1989 viri
1517 1959 1548 1988 in
1566 1959 1629 1999 Cy-

925 2013 1013 2042 prum
1038 2003 1208 2032 habitatum
1232 2008 1458 2038 concesserunt,
1480 2013 1496 2031 e
1518 2001 1630 2040 quibus

928 2045 1080 2076 Cononem
1098 2050 1216 2075 tautum
1240 2045 1372 2081 nomino,
1389 2046 1439 2084 qui
1455 2050 1526 2083 post
1545 2055 1632 2074 acce·

927 2093 1008 2127 ptam
1020 2089 1058 2118 ad
1071 2088 1307 2128 AEgospotamos
1319 2088 1435 2117 cladem
1443 2087 1630 2117 bunclocnm

927 2137 957 2161 et
973 2132 1160 2161 tutissimum
1184 2130 1243 2160 sibi
1264 2136 1294 2161 et
1316 2130 1421 2169 patriae
1437 2130 1631 2160 utilissimum

927 2175 991 2204 fore
1018 2181 1113 2209 ratus,
1134 2183 1190 2212 spe
1213 2183 1267 2203 sua
1288 2184 1347 2203 non
1372 2173 1500 2203 excidit.
1551 2174 1630 2203 Nam

927 2217 1053 2246 simulac
1065 2218 1234 2255 Eragoram
1243 2215 1448 2250 convenisset,
1457 2226 1490 2245 se
1499 2215 1632 2246 invicem

926 2259 1050 2299 plurimi
1065 2260 1205 2289 fecerunt
1221 2263 1252 2288 et
1266 2260 1305 2288 de
1328 2259 1402 2288 urbe
1424 2262 1527 2288 nostra
1541 2259 1632 2288 resti·

927 2304 1038 2333 tuenda
1064 2306 1294 2332 consenserunt.
1344 2302 1492 2331 Videntes
1522 2311 1631 2341 nempe

925 2345 1052 2384 patriam
1080 2354 1163 2376 suam
1187 2344 1487 2374 Lacedaemoniorum
1501 2343 1633 2383 imperio

927 2390 1092 2427 subjectam
1110 2397 1190 2422 esse,
1206 2387 1384 2425 gravissime
1395 2387 1528 2417 tulerunt
1536 2391 1566 2416 et
1579 2387 1632 2416 de-

926 2431 1140 2466 liberantibus,
1177 2430 1328 2469 quomodo
1359 2440 1426 2459 eam
1458 2429 1630 2459 infortuniis

927 2474 1095 2513 eriperent,
1112 2483 1182 2502 mox
1209 2473 1464 2512 opportunitatem
1487 2473 1632 2503 Lacedae-

927 2517 1017 2547 monii
1034 2516 1239 2554 praebuerunt.
1285 2516 1384 2553 Quum
1397 2516 1474 2545 enim
1486 2515 1632 2545 Lacedae-

927 2559 1032 2594 monii,
1042 2558 1207 2589 insatiabili
1219 2558 1523 2597 cupiditateincensi,
1537 2559 1632 2588 totius

928 2603 1011 2632 Asiae
1034 2602 1194 2643 imperium
1213 2602 1401 2638 affectarent,
1415 2601 1462 2630 illi
1477 2601 1571 2631 duces
1585 2612 1633 2631 re-

928 2646 996 2683 gios
1012 2645 1193 2680 docuerunt,
1210 2654 1266 2673 uon
1285 2649 1375 2680 terra,
1393 2645 1448 2674 sed
1470 2644 1544 2674 mari
1563 2655 1630 2673 curn

930 2688 1171 2718 Lacedaemoniis
1189 2687 1403 2717 decertandum
1421 2697 1501 2723 esse,
1516 2692 1551 2717 ut
1572 2697 1630 2716 non

929 2732 1024 2761 solum
1038 2731 1124 2766 Asia,
1140 2730 1193 2760 sed
1210 2735 1273 2760 tota
1286 2730 1405 2760 Graecia
1419 2729 1558 2760 vietorioe
1569 2730 1631 2758 tru-

928 2778 995 2803 ctus
1030 2774 1214 2813 perciperet.
1263 2773 1356 2810 Quod
1382 2773 1485 2811 reipsa
1516 2772 1632 2802 evenit.

930 2818 1007 2846 Nam
1021 2817 1112 2846 victis
1127 2817 1205 2847 duce
1220 2815 1344 2847 Conone
1353 2820 1383 2846 et
1397 2816 1534 2855 adjutore
1551 2816 1631 2844 Eva-

929 2860 1062 2900 gora(ad
1076 2859 1226 2897 Cnidum)
1236 2858 1475 2889 Lacedaemoniis
1488 2857 1631 2896 imperio-

929 2913 986 2942 que
1002 2902 1145 2941 privatis,
1158 2908 1189 2933 et
1201 2902 1301 2932 Graeci
1309 2902 1478 2932 libertatem
1489 2906 1518 2929 et
1529 2903 1632 2928 nostra

927 2945 1038 2976 civitas
1048 2946 1179 2984 antiquae
1190 2945 1294 2985 gloriae
1306 2950 1422 2984 partem
1434 2952 1631 2981 recuperave-

928 2993 1013 3027 runt;
1027 2999 1084 3028 pro
1093 2989 1204 3028 quibus
1213 2988 1329 3019 meritis
1339 2992 1453 3018 statuas
1469 2985 1531 3016 illis
1543 2985 1633 3023 juxta
