1924 3314
1868 0 1891 28 U

914 434 965 480 Β.

697 542 1225 593 ΙΣΟΚΡΑΤΟΥΣ

519 667 788 714 ΠΡΟΣ
854 662 1404 714 ΝΙΚΟΚΛΕΑ

318 783 454 822 ΠΕΡΙ
488 783 598 821 ΤΟΥ
632 781 990 820 ΒΑΣΙΛΕΥΕΙΝ
1023 781 1060 818 Η
1094 780 1230 818 ΠΕΡΙ
1260 777 1594 818 ΒΑΣΙΛΕΙΑΣ.

142 864 216 900 Ρᾶζ.
1709 844 1788 883 pag*

164 898 216 938 ea.
895 899 1022 906 —-
1708 886 1759 916 ed·

139 948 217 981 Cor.
329 976 341 995 l
534 976 544 994 x
620 977 632 990 5
716 976 726 995 Ι
851 975 876 996 '3⁴
1007 975 1017 991 Ι
1191 974 1203 989 e
1245 984 1265 992 Ν
1361 983 1381 991 ..
1598 971 1621 982 Ν
1709 927 1874 969 H.Steph.

168 997 216 1031 12
307 1004 353 1031 α.
395 989 462 1032 OI
489 1002 567 1048 μεν
595 978 819 1039 maffia-teg,
841 1001 872 1028 ω
901 986 1159 1038 Νικοκλεις,
1180 998 1279 1043 υμιν
1305 997 1396 1032 τοις
1421 974 1690 1033 βασιλευσιν
1711 977 1762 1011 ¹4

1285 1048 1308 1058 Ν

1174 1049 1194 1070 ,x
1216 1049 1229 1075 ¹
1244 1072 1328 1100 των
1356 1047 1511 1098 ἄλλων
1539 1071 1583 1098 τι
1606 1047 1692 1097 τῶν

235 1052 437 1115 ἐσθῆτας
461 1052 588 1119 οἴγειν
611 1053 639 1114 ἢ
664 1051 830 1127 χρυσὸν
857 1048 1140 1124 εἰργασμένον
1167 1073 1191 1109 ἠ

236 1127 436 1179 τοιούτων
474 1126 736 1198 κτημάτων,
776 1124 829 1177 ιῖν
863 1124 992 1176 αὐτοὶ
1023 1122 1102 1194 μὲν
1140 1120 1286 1181 ἐνδεεῖς
1321 1119 1449 1183 εἷο-ἲν,
1486 1120 1608 1192 ὑμεῖς
1648 1117 1691 1172 δὲ

804 1214 814 1233 ¹
838 1214 911 1244 ἄλλο
926 1225 956 1243 τι
973 1213 1012 1244 Α.
1030 1214 1066 1244 C.
1083 1213 1118 1243 L.

280 1294 567 1324 SUMMARIUM.
586 1292 660 1334 (α’.)
676 1292 859 1322 Prooemium.
878 1292 946 1320 Mu-

239 1336 319 1366 neris
335 1337 423 1375 hujus
442 1347 506 1374 prae
526 1337 594 1366 aliis
616 1346 684 1375 quae
700 1335 826 1373 regibus
843 1333 946 1363 offerri

980 1289 1022 1319 mi
1040 1289 1127 1328 regni
1146 1289 1304 1319 indicium.
1331 1289 1452 1319 Liberis
1470 1289 1572 1328 gloria
1588 1290 1692 1329 potius

981 1342 1069 1371 quam
1080 1343 1154 1372 opes
1164 1332 1374 1371 relinquenda.
1397 1332 1434 1362 In
1446 1333 1581 1362 vestibus
1590 1333 1691 1372 splen-

239 1379 359 1408 soleant
382 1380 501 1408 indoles
518 1390 553 1408 ac
571 1378 755 1418 praestantia,
773 1379 861 1416 cujus
880 1377 946 1405 finis

241 1422 281 1451 sit
294 1422 332 1451 dc
348 1432 452 1459 regum
469 1421 577 1452 officiis
595 1421 805 1460 praecipiendi.
838 1420 946 1448 Homi-

240 1464 328 1493 nibus
341 1465 479 1494 nimirum
494 1465 619 1503 privatis
633 1464 757 1493 multam
770 1473 837 1492 esse
850 1462 948 1491 officia

241 1517 295 1536 sua
307 1507 443 1537 discendi
460 1508 662 1542 occasionem,
676 1507 812 1545 regibus,
825 1505 876 1544 qui
889 1505 946 1533 dif-

240 1549 402 1579 ficillimam
419 1555 512 1579 artem
529 1554 704 1584 exerceant,
718 1549 840 1578 nullam.
866 1548 947 1576 Hinc

241 1596 448 1631 tyrannorum,
465 1593 515 1631 qui
537 1593 706 1622 beatissimi
728 1602 796 1621 esse
813 1590 947 1630 possint,

241 1636 444 1664 miserabilem
477 1636 579 1669 vitam,
606 1635 830 1672 multorumque
853 1631 947 1661 homi-

242 1688 311 1707 num
327 1679 365 1707 de
383 1678 557 1707 conditione
573 1678 692 1706 illorum
706 1685 884 1715 perversum
897 1676 946 1713 ju-

241 1721 364 1750 dicium.
410 1721 491 1756 Quid
525 1721 648 1759 regibus
677 1719 863 1757 sequendum
898 1718 949 1754 sit,

242 1763 313 1801 quid
329 1763 516 1801 fugiendum,
532 1763 561 1792 in
580 1763 752 1792 universum
768 1762 878 1790 docere
897 1771 950 1799 per

243 1816 276 1835 se
291 1806 441 1834 laudabile
457 1815 537 1840 esse,
552 1806 626 1834 licet
640 1805 794 1843 expositio
809 1804 950 1833 instituto

243 1858 299 1877 non
314 1849 504 1887 respondeat.
535 1848 607 1888 (γ’.)
640 1847 801 1886 Praecepta.
835 1847 950 1876 Prima-

242 1891 305 1920 rius
330 1901 436 1930 regum
462 1891 539 1926 finis,
562 1902 601 1921 ex
625 1901 686 1928 quo
708 1889 803 1920 veluti
829 1901 844 1920 e
867 1891 951 1919 fonte

243 1933 343 1963 omnia
360 1943 464 1963 eorum
487 1933 587 1963 officia
607 1934 728 1963 effluant
751 1933 840 1971 inque
861 1943 949 1971 quem

241 1982 409 2007 recurrant.
444 1975 511 2016 (δ’.)
549 1977 649 2013 Quem
669 1976 695 2005 si
714 1976 782 2015 quis
803 1975 951 2014 consequi

244 2020 327 2055 velit,
345 2020 562 2059 sapientiorem
580 2019 648 2049 aliis
665 2019 728 2049 fieri
749 2024 891 2058 oportere
907 2019 951 2047 in-

243 2063 333 2100 genio
359 2063 529 2092 excolendo
549 2067 580 2092 et
600 2062 830 2101 prudentiorum
855 2061 951 2090 homi-

243 2116 312 2136 num
338 2106 570 2136 consuetudine.
606 2104 671 2145 (ε’.)
708 2106 813 2144 Reges
838 2105 951 2134 debere

244 2149 390 2187 populum
410 2158 511 2178 atnore
534 2148 710 2187 complecti,
727 2147 951 2178 multitudinem

244 2191 320 2220 tueri
329 2196 358 2220 et
369 2191 837 2231 continere,optimoshonorare‚
849 2200 953 2220 omnes

244 2235 281 2262 ab
308 2234 418 2272 injuria
431 2235 605 2264 defendere.
630 2233 705 2275 (ς’.)
728 2234 849 2269 Edicta,
866 2233 953 2263 insti-

244 2280 319 2311 tuta,
345 2277 440 2315 legeS,
462 2278 695 2315 negotiationes,
720 2277 803 2312 lites,
821 2276 951 2315 judicia.

245 2320 408 2358 Quomodo
431 2319 542 2349 civitas
563 2320 802 2350 administranda
821 2319 870 2350 sit.
916 2319 953 2349 In

245 2372 304 2400 quo
327 2362 549 2399 magnificentia
576 2363 615 2392 sit
642 2363 839 2393 ostendenda.
884 2362 955 2399 Qua

246 2405 363 2434 ratione
379 2405 423 2434 dii
439 2406 498 2435 sint
515 2405 645 2435 colendi.
668 2406 740 2446 (ζ’.)
767 2406 887 2443 Quibus
901 2406 954 2435 ho-

247 2457 337 2477 nores
355 2449 519 2478 tribuendi.
566 2449 642 2485 Quae
659 2450 698 2479 sit
714 2450 869 2478 tutissima
888 2459 955 2478 cor-

248 2491 330 2529 poris
347 2491 497 2520 custodia.
525 2492 717 2521 Privatorum
733 2503 808 2531 opes
822 2492 953 2522 tuendae.

247 2533 395 2563 Veritatis
412 2535 558 2564 studium.
585 2535 653 2572 Qua
668 2535 784 2565 ratione
801 2535 955 2575 peregrini

247 2576 377 2606 habendi
395 2577 466 2606 sint.
490 2578 572 2616 Erga
583 2579 664 2607 cives
678 2578 847 2608 clementia.
872 2578 954 2615 Quo·

248 2619 340 2648 modo
365 2624 394 2648 et
422 2620 542 2658 quando
573 2620 684 2649 bellum
711 2621 749 2650 sit
779 2622 956 2659 gerendum.

220 2675 223 2677 ·
247 2661 423 2691 Moderatio
439 2668 470 2692 et
486 2663 680 2693 abstinentia.
715 2662 786 2704 (η’.)
820 2665 868 2694 De
883 2664 957 2694 ami-

247 2705 304 2740 cis,
326 2705 536 2740 familiaribus,
557 2705 719 2745 praesectis,
737 2707 882 2736 ministris
902 2707 957 2737 eli-

248 2748 366 2787 gendis.
399 2748 481 2785 Quid
499 2749 550 2778 alii
567 2749 604 2778 de
621 2749 689 2778 aliis
705 2750 817 2785 dicant,
832 2750 957 2780 audien-

248 2791 330 2820 dum.
353 2790 597 2821 calumniatores
614 2792 794 2830 puniendos.
821 2793 884 2822 Sibi
897 2794 956 2831 ipsi

248 2832 458 2873 imperandum
479 2844 556 2864 esse.
600 2833 667 2874 (6¹.)
709 2835 830 2872 Quibus
845 2837 955 2865 studiis

248 2876 463 2906 delectandum
485 2877 535 2912 sit,
553 2881 583 2906 et
604 2878 642 2906 de
658 2877 769 2916 quibus
786 2879 876 2908 rebus
893 2890 957 2908 cer·

249 2919 384 2949 tandum.
415 2919 529 2958 Quales
545 2920 673 2949 honores
688 2921 851 2950 ambiendi.
881 2922 958 2958 Qua:

249 2962 350 2992 studia
364 2963 557 2998 occultanda,
572 2973 640 3002 quae
653 2964 850 2994 ostendenda.
897 2965 960 2994 Re-

248 3014 320 3043 gum
333 3005 532 3045 temperantia
543 3006 714 3047 exomplum
723 3007 854 3037 civibus.
872 3008 961 3046 Opti-

981 1376 1049 1411 dor,
1069 1375 1099 1404 in
1119 1375 1181 1404 vita
1197 1375 1356 1408 severitas,
1373 1375 1403 1404 in
1427 1374 1520 1405 dictis
1541 1376 1691 1415 factisque

981 1418 1196 1447 consideratio.
1224 1418 1340 1447 Modus
1355 1418 1385 1447 in
1402 1419 1492 1448 rebus
1509 1419 1692 1449 servandus.

981 1460 1045 1500 (ι’.)
1070 1461 1232 1490 Urbanitas
1253 1471 1323 1490 cum
1346 1460 1498 1500 gravitate
1521 1463 1694 1500 conjuncta.

981 1505 1039 1533 Cui
1060 1504 1231 1533 studiorum
1253 1504 1357 1542 generi
1374 1514 1437 1542 prae
1459 1504 1580 1533 caeteris
1599 1514 1694 1542 opera

981 1548 1082 1576 danda
1097 1547 1137 1576 sit
1153 1547 1288 1584 regibus.
1311 1547 1379 1583 Qua
1391 1546 1509 1575 ratione
1522 1546 1637 1585 optime
1648 1547 1694 1576 iu·

980 1590 1159 1619 clarescant.
1189 1587 1272 1626 (ca‘.)
1303 1588 1487 1618 Praestantia
1513 1589 1605 1619 animi
1630 1599 1694 1628 prae

981 1631 1121 1670 corporis
1134 1631 1244 1669 effigie.
1260 1631 1344 1670 Ipsis
1354 1631 1524 1661 faciendum
1536 1643 1602 1662 esse
1612 1634 1694 1672 quod

981 1674 1695 1714 probent,quodaemulentnr,quodliberisprae-

982 1718 1107 1756 cipiant.
1155 1717 1218 1753 Qui
1234 1717 1388 1756 sapientes
1411 1718 1472 1747 sint
1495 1718 1694 1749 habendi.—

983 1759 1068 1801 (ιβ’.)
1107 1759 1261 1800 Epilogus.
1294 1761 1328 1789 ln
1354 1761 1505 1798 ejusmodi
1528 1762 1692 1801 praeceptis

983 1814 1041 1833 non
1063 1803 1093 1833 id
1113 1803 1162 1842 agi
1185 1809 1218 1832 ut
1237 1813 1315 1832 nova
1337 1803 1409 1839 sint,
1425 1814 1492 1842 quae
1513 1805 1701 1842 doceantur,

984 1846 1037 1875 sed
1064 1851 1097 1876 ut
1127 1856 1215 1885 quam
1240 1846 1372 1885 plurima
1400 1846 1534 1885 undique
1560 1849 1694 1879 collecta

979 1890 1115 1928 jucunde
1131 1890 1296 1919 tradantur.
1321 1889 1366 1919 Ea
1377 1889 1464 1919 utilia
1476 1890 1598 1929 quidem
1613 1902 1695 1925 esse,

985 1933 1041 1961 sed
1065 1933 1231 1962 lectoribus
1256 1933 1337 1962 haud
1359 1933 1504 1971 jucunda.
1542 1932 1624 1973 (ιγ’.)
1657 1934 1693 1965 In

985 1985 1078 2005 causa
1093 1985 1162 2005 esse
1178 1975 1330 2004 hominum
1348 1975 1594 2014 perversitatem.
1633 1979 1695 2008 Cu-

985 2018 1072 2058 piunt
1084 2018 1225 2058 pessima,
1243 2025 1421 2048 aversantur
1439 2019 1565 2057 optima.
1610 2021 1694 2050 Hinc

985 2061 1038 2100 qui
1067 2062 1160 2100 vulgo
1185 2062 1339 2091 homiuum
1366 2062 1489 2100 placere
1515 2063 1603 2099 velit,
1625 2074 1695 2094 eum

986 2105 1155 2134 Homerico
1177 2114 1261 2134 more
1283 2105 1401 2134 fabulas.
1419 2115 1540 2135 narrare
1555 2107 1696 2136 easdem-

986 2157 1043 2186 que
1056 2147 1254 2186 Tragicorum
1266 2148 1409 2188 exemplo
1422 2148 1451 2177 in
1466 2148 1600 2179 actiones
1612 2150 1697 2179 redi-

986 2201 1058 2229 gere
1088 2196 1242 2229 oportere.
1279 2190 1359 2232 (ιδ’.)
1399 2190 1480 2229 Regi
1509 2201 1582 2221 vero
1608 2193 1698 2223 aliter

986 2244 1057 2263 esse
1068 2233 1280 2272 judicandum,
1296 2244 1393 2273 neque
1405 2233 1543 2263 homines
1558 2234 1698 2274 factaque

988 2277 1155 2315 voluptate,
1182 2277 1235 2306 sed
1263 2277 1395 2306 utilitate
1423 2286 1490 2306 esse
1518 2278 1700 2308 metiendos.

988 2320 1140 2349 Homines
1155 2324 1256 2349 autem
1272 2319 1409 2359 inprimis
1424 2330 1440 2348 e
1453 2320 1657 2358 prudentibus
1668 2326 1700 2352 et

988 2362 1180 2401 tempestivis
1214 2363 1351 2392 consiliis
1387 2363 1583 2393 aestimandos
1617 2375 1699 2394 esse.

989 2405 1108 2435 Bonum
1126 2405 1354 2435 consiliatorem
1371 2406 1509 2435 omnibus
1529 2407 1616 2437 bonis
1631 2417 1700 2438 esse

988 2449 1240 2488 praeponendum.
1264 2448 1340 2489 (ιε’.)
1364 2449 1435 2478 Hoc
1452 2449 1563 2479 donum
1580 2460 1701 2490 quoque

989 2492 1018 2521 in
1035 2492 1091 2521 hac
1115 2502 1146 2521 re
1169 2493 1205 2520 ab
1229 2492 1295 2521 aliis
1314 2492 1450 2527 differre,
1467 2493 1546 2531 quod
1569 2503 1624 2523 usu
1643 2503 1702 2523 nou

990 2535 1138 2570 deterius,
1153 2535 1206 2563 sed
1219 2535 1388 2573 pretiosius
1400 2535 1490 2564 etium
1506 2536 1569 2565 flat.
1590 2536 1702 2567 LANG-

991 2577 1122 2607 videtur
1152 2578 1267 2617 scripta
1296 2579 1360 2607 haec
1391 2578 1487 2608 oratio
1518 2578 1612 2608 fuisse
1639 2589 1702 2609 nou

991 2621 1086 2651 multo
1104 2626 1239 2659 ternpore
1257 2626 1416 2660 postquam
1434 2621 1582 2652 Nicocles
1599 2623 1637 2652 ad
1653 2632 1703 2651 re-

991 2674 1081 2703 guum
1101 2664 1245 2703 pervenit
1264 2674 1340 2694 anno
1359 2669 1428 2693 unte
1451 2664 1605 2695 Christum
1626 2666 1702 2698 3⁷3.

993 2712 1024 2737 et
1039 2707 1188 2737 Isocratis
1204 2707 1302 2737 aetatis
1316 2708 1367 2738 63.
1391 2707 1530 2737 Auel-:R-

1034 2750 1192 2791 Νικόκλεις]
1218 2750 1289 2780 Fuit
1311 2750 1360 2779 hic
1384 2750 1530 2780 Nicocles
1551 2750 1703 2790 Evagorae

993 2793 1086 2829 filius,
1099 2804 1153 2823 rex
1171 2793 1295 2832 Cypriae
1310 2792 1482 2822 Salaminis.
1506 2793 1630 2824 Wots.

1035 2835 1124 2875 ςὙμῖν
1138 2838 1199 2870 τοῖς
1211 2835 1396 2877 Bucinum]
1421 2835 1494 2866 Scit.
1508 2837 1568 2870 τοῖς
1582 2835 1704 2876 ἡμιθέοις

995 2878 1062 2909 εῖναι
1077 2880 1195 2909 δοκοῦσι.
1220 2880 1327 2909 Inmr.

1034 2921 1146 2962 Ἀγειν]
1176 2922 1249 2952 Scil.
1274 2923 1319 2953 διὰ
1339 2922 1390 2960 γΐνῖς
1413 2920 1428 2952 ἢ
1452 2919 1613 2958 θαλάσσης,
1635 2919 1649 2952 ἥ
1673 2919 1705 2962 ἔξ

995 2966 1163 2998 ἀλλοδαπῆς
1174 2966 1279 3006 χώρας.
1304 2965 1410 2996 lum.

1037 3008 1219 3050 Κτημάτων]
1258 3008 1382 3039 Praetuli
1411 3017 1476 3038 eam
1505 3007 1637 3040 maximo
1666 3007 1707 3038 ob
