1914 3314
725 206 1062 255 PRAEFATIO.
1531 201 1616 243 333

180 323 229 363 ad
248 322 361 363 finem
382 325 471 362 belli
489 324 642 366 duravit
667 324 868 365 inimicitia
891 335 982 361 cum
1003 318 1234 361 Macedone.
1290 317 1473 357 Metuens
1502 314 1618 358 enim,

184 398 230 424 ne
251 385 502 425 diuturnitate
517 386 607 424 belli
626 386 746 437 pressi
766 385 944 424 Thebani
966 381 1255 421 Atheniensium
1276 379 1501 418 societatem
1520 383 1624 426 pete-

184 453 282 493 rent,
307 447 509 498 Philippus
537 448 608 485 illis
638 447 790 493 auxilia,
819 446 877 484 his
909 458 1043 496 pacem
1073 441 1262 494 promisit,
1282 447 1460 480 narrante
1479 441 1623 478 Demo-

180 507 319 546 sthene
349 508 397 546 de
428 509 581 552 Corona
600 513 630 557 ξ.
650 509 692 553 ζ’.
727 508 838 546 Pacis
867 505 1109 545 conditiones
1134 503 1331 552 accipiunt
1358 501 1623 540 Athenienses.

187 569 278 619 Ipso
297 576 423 608 autem
444 584 597 609 suasore
617 570 892 613 Demosthene,
914 581 1000 606 mox
1021 565 1155 616 Legati
1181 565 1230 602 ad
1252 565 1393 614 Regem
1421 564 1627 601 mittuntur

187 630 253 680 qui
274 631 322 668 de
344 631 486 670 foedere
511 646 596 671 cum
620 646 666 670 eo
685 639 813 682 agant.
853 631 897 668 In
919 631 978 668 his
999 629 1199 668 AEschines
1218 626 1305 671 fuit,
1327 627 1392 677 qui
1410 624 1499 663 inde
1520 622 1628 675 pacis

188 699 383 731 auctorem
411 695 534 743 arguit
557 694 869 738 Demosthenem,
895 691 981 730 adv.
1002 692 1178 742 Ctesiph.
1198 695 1229 739 ξ.
1250 690 1320 738 κγ’.
1365 686 1628 725 Demosthene

191 753 343 803 culpam
366 754 402 792 iu
422 756 525 793 illurn
547 755 801 793 transferente
819 758 850 799 ξ.
871 754 917 791 α’.
938 767 1028 803 sqq.
1057 753 1237 802 Philippo
1256 757 1382 788 autem
1403 749 1441 786 in
1461 747 1630 786 Thracia

191 822 466 861 commorante,
488 817 617 867 ibique
637 817 763 854 omnia
783 816 854 853 sibi
875 815 1120 863 subjiciente,
1140 813 1275 863 Legati
1297 825 1365 862 per
1385 818 1460 848 tres
1482 822 1632 847 menses

184 877 307 914 otiosi
327 877 363 914 in
384 878 616 916 Macedonia
635 877 854 915 consident.
910 876 1046 913 Subito
1062 875 1127 911 ille
1146 889 1166 911 e
1182 875 1349 911 Thracia
1366 885 1434 922 per
1449 871 1634 908 Thermo-

195 938 304 988 pylas
323 938 360 975 in
381 938 590 976 Phocidem
614 939 762 983 transit,
787 937 1011 985 bellumque
1033 935 1194 972 conficit
1214 934 1356 971 eversis
1381 931 1633 970 phocensium

195 998 368 1039 urbibus.
426 1000 514 1036 Huc
538 998 698 1036 referam
725 998 832 1048 pacis
857 997 1087 1035 mentionem
1106 1000 1147 1044 ξ..
1159 996 1206 1034 α’.
1235 995 1322 1032 Nec
1341 994 1523 1044 opinatus
1545 1005 1636 1029 vero

191 1060 245 1102 -de
276 1060 455 1111 Philippo
477 1061 703 1099 adveniente
733 1060 911 1106 nuncius,
933 1059 1250 1107 Atheniensibus,
1280 1057 1353 1095 etsi
1385 1068 1482 1106 pace
1508 1055 1558 1092 ab
1589 1067 1637 1092 eo

195 1129 372 1171 accepta,
397 1128 546 1160 tantum
575 1129 757 1160 terrorem
786 1121 934 1171 injecit,
956 1128 1010 1170 ut,
1031 1134 1077 1158 ae
1104 1121 1135 1158 si
1158 1119 1299 1157 infesto
1325 1118 1451 1155 animo
1472 1116 1639 1154 Macedo

196 1182 436 1228 adventaret,
453 1184 579 1221 omnia
593 1197 640 1221 ex
652 1184 749 1234 agris
767 1185 803 1221 in
819 1183 953 1221 urbem
975 1181 1252 1232 comportanda
1274 1194 1356 1218 esse
1373 1181 1640 1225 decernerent,

194 1243 451 1282 referentibus
472 1245 601 1283 itidem
625 1245 887 1283 Demosthene
907 1248 934 1292 ξ.
959 1243 1022 1292 ιβ’.
1053 1244 1236 1282 AEschine
1257 1246 1288 1290 ξ.
1307 1239 1354 1280 λ’.
1378 1255 1456 1293 quo
1476 1241 1641 1279 fortasse

200 1305 390 1343 Isocrates
410 1307 577 1356 respexit
595 1310 626 1355 §-
647 1308 688 1345 κ’.
726 1309 903 1358 Apparet
922 1313 1041 1350 certe,
1061 1305 1237 1356 quamvis
1256 1304 1363 1354 pacis
1382 1310 1567 1353 tempore,
1586 1309 1642 1339 at-

196 1376 328 1405 tamen
345 1367 496 1407 minime
512 1382 729 1420 prosperas,
745 1369 811 1407 sed
830 1369 958 1418 potius
972 1368 1142 1405 lubricas
1162 1374 1279 1417 atque
1299 1366 1338 1403 in
1358 1364 1531 1415 periculo
1550 1376 1643 1403 con·

198 1429 354 1468 stitutas
379 1429 493 1468 fuisse
520 1430 686 1468 civitatis
708 1444 790 1468 res:
821 1430 922 1480 quod
951 1430 1093 1468 diserte
1119 1430 1311 1466 Isocrates
1337 1425 1528 1477 significat
1549 1429 1580 1473 ξ.
1596 1425 1644 1464 α’.

202 1489 302 1528 Nam
320 1490 414 1529 duni
433 1504 454 1529 a
477 1491 655 1542 Philippo
675 1491 987 1542 decipiebantur,
1000 1492 1048 1528 ad
1065 1491 1167 1528 hunc
1182 1489 1387 1540 compositi
1404 1488 1495 1526 belli
1508 1489 1643 1537 gratia,

201 1550 251 1588 ad
272 1550 355 1589 illos
371 1552 504 1591 odium
525 1554 747 1603 invidiaque
772 1561 1043 1604 pervenerunt.
1099 1553 1164 1590 Cf.
1184 1552 1318 1589 iterum
1341 1552 1544 1589 Demosth.
1565 1551 1590 1588 l.
1608 1565 1644 1589 c.

201 1619 243 1651 et
263 1614 404 1663 passim
423 1615 528 1654 alibi.
572 1615 690 1653 Hisce
710 1621 837 1652 autem
859 1621 1072 1664 temporum
1089 1614 1241 1651 indiciis
1259 1613 1644 1657 animadvet·sis‚cun1

202 1682 245 1713 et
270 1675 431 1725 reliqua,
463 1690 550 1726 quae
582 1677 772 1715 Isocrates
803 1676 932 1723 refert,
959 1676 1008 1713 de
1030 1676 1300 1714 Thebanorum
1329 1674 1441 1712 sociis
1469 1674 1646 1717 servatis,

204 1739 283 1777 suis
302 1740 466 1786 amissis,
487 1748 551 1777 aut
574 1753 650 1777 non
679 1741 802 1777 multo
829 1747 931 1790 post,
951 1746 1018 1776 aut
1045 1739 1161 1790 paulo
1190 1747 1303 1775 antea
1334 1736 1519 1774 accidisse
1540 1735 1647 1772 vide-

204 1807 332 1846 antur,
347 1801 394 1838 de
412 1814 490 1851 quo
511 1815 580 1839 suo
601 1802 688 1839 loco
703 1801 930 1845 videbimus,
948 1813 1062 1851 spero
1083 1813 1150 1837 nos
1170 1813 1246 1837 non
1268 1799 1379 1848 plane
1395 1811 1416 1835 a
1430 1811 1520 1834 vero
1537 1798 1648 1834 aber-

204 1869 355 1902 raturos
371 1877 467 1909 esse,
483 1864 515 1900 si
535 1871 746 1901 statuamus
764 1863 837 1900 hoc
860 1862 938 1900 fere
959 1869 1147 1912 ternpore,
1165 1861 1264 1897 idest
1283 1860 1367 1897 XC.
1385 1859 1538 1897 circiter
1553 1859 1650 1896 Ora·-

208 1927 302 1963 toris
318 1939 430 1972 anno,
445 1927 544 1964 hanc
559 1926 608 1964 ab
620 1939 668 1963 eo
681 1926 830 1963 missam
847 1938 930 1963 esse
946 1924 1170 1962 Orationem
1186 1923 1232 1960 ad
1250 1923 1440 1972 Areopagi
1453 1922 1648 1965 Senatum,

206 1987 276 2037 qui
294 1987 344 2024 de
363 1989 578 2038 periculoso
599 2001 722 2026 rerum
743 1993 844 2025 statu
865 1987 1114 2031 deliberaret,
1137 1985 1310 2035 quidque
1331 1985 1518 2034 optimum
1544 1983 1651 2020 factu

206 2056 249 2086 et
268 2049 415 2087 civitati
434 2050 674 2088 utilissimum
698 2049 903 2095 videretur,
925 2048 1069 2091 audita,
1091 2051 1168 2085 sive
1190 2047 1318 2098 potius
1340 2047 1438 2083 tecta
1460 2046 1546 2095 ejus
1564 2057 1650 2083 sen-

208 2111 344 2158 tentia,
361 2111 596 2149 decerneret.
651 2112 782 2161 Ὕμεῖς
796 2111 834 2149 δὲ
850 2111 994 2160 (inquit
1008 2111 1044 2147 in
1063 2110 1156 2157 fine)
1175 2115 1291 2147 ταῦτα
1309 2113 1431 2145 πάντα
1445 2110 1651 2157 λογισάμε-

209 2188 278 2220 νοι,
297 2179 551 2224 χειροτονεῖτε,
571 2174 604 2219 ὅ,
626 2190 660 2211 τι
675 2176 722 2211 ἂν
742 2175 828 2224 ὑμῖν
848 2173 933 2228 δοκῇ
949 2173 1116 2224 μάλιστα
1137 2172 1330 2223 συμφέρειν
1346 2173 1389 2222 τῇ
1404 2172 1521 2207 πόλει.

262 2234 392 2272 Nolim
412 2236 568 2273 nimium
596 2235 685 2273 huic
704 2235 945 2284 conjecturae
969 2233 1152 2272 tribuere.
1210 2236 1391 2269 Attamen
1416 2230 1568 2267 aliunde
1590 2242 1654 2280 pa-

208 2301 290 2334 tere
302 2295 454 2333 videtur
468 2297 515 2334 ad
531 2303 737 2334 extremam
755 2296 938 2334 Isocratis
953 2301 1191 2333 senectutem
1209 2294 1281 2331 hoc
1299 2305 1397 2344 opus
1411 2291 1651 2329 referendum

208 2371 308 2403 2³⁸9,
330 2358 473 2408 quippe
498 2359 600 2410 quod
630 2360 813 2409 scriptum
836 2358 1008 2396 videatur
1036 2359 1187 2395 demum
1216 2363 1302 2406 post
1332 2355 1501 2393 habitam
1522 2354 1654 2392 Orati-

158 2420 171 2434 “
209 2432 321 2457 onem
342 2420 390 2457 de
414 2420 713 2467 Permutatione,
732 2423 810 2471 περὶ
830 2428 893 2466 τῆς
908 2420 1144 2464 ἀντιέὀσεως,
1163 2431 1276 2468 quam
1300 2417 1347 2454 ad
1369 2430 1506 2454 annum
1527 2415 1655 2454 aetatis

210 2480 295 2530 ejus
310 2481 584 2531 octogesimum
604 2482 815 2520 secundum
836 2481 950 2519 refert
971 2479 1371 2518 Pseudo-Plutarchus
1391 2491 1476 2528 pag.
1497 2482 1589 2518 837.
1611 2478 1653 2515 F.

211 2542 311 2581 Cum
331 2549 455 2582 autem
483 2543 696 2581 orationem
718 2543 808 2581 dico
826 2546 907 2594 περὶ
927 2551 991 2588 τῆς
1011 2541 1347 2586 ἀντιῖόσεως,ἠοῃ
1370 2553 1452 2577 eam
1481 2540 1655 2590 intelligo

212 2617 300 2655 quae
328 2606 365 2644 in
398 2606 575 2644 omnibus
599 2607 775 2657 Operum
805 2607 989 2644 Isocratis
1020 2605 1256 2643 editionibus
1288 2603 1423 2650 fertur,
1459 2603 1525 2641 sed
1558 2617 1655 2650 eam,

213 2679 328 2716 quam
346 2668 490 2717 ingenti
515 2669 650 2705 lacuna
666 2668 844 2719 suppleta
864 2681 949 2705 curn
971 2680 1038 2705 sua
1054 2665 1383 2703 animadversione
1404 2665 1527 2702 edidit
1547 2665 1657 2702 Orel-

213 2726 307 2772 lius;
338 2728 387 2766 de
407 2729 544 2779 quoin
568 2729 798 2767 Praefatione
824 2729 971 2767 dictum
998 2734 1071 2766 est.
1128 2728 1171 2764 ln
1201 2727 1273 2764 ista
1302 2727 1406 2764 enim
1437 2739 1569 2764 recens
1599 2725 1655 2762 in-

214 2796 325 2827 venta
344 2790 460 2840 hujus
482 2791 568 2829 libri
596 2798 703 2842 parte
725 2790 924 2841 complura
945 2796 1031 2827 sunt
1046 2802 1135 2840 quae
1155 2788 1432 2839 Areopagitico
1460 2787 1654 2825 mirificam

215 2848 338 2888 lucem
356 2851 574 2898 affundam,
591 2852 728 2903 partim
747 2852 967 2890 distinctius
987 2863 1103 2902 quam
1128 2851 1166 2888 in
1193 2851 1265 2888 bac
1292 2849 1335 2888 fit
1363 2850 1495 2895 relata,
1515 2846 1653 2898 partim

217 2910 370 2951 uberius
389 2914 599 2962 declarata,
614 2915 765 2966 partim,
784 2914 849 2965 qui
870 2913 1159 2952 Atheniensium
1174 2912 1375 2963 depravati
1393 2923 1514 2949 mores
1530 2909 1656 2946 obiter

219 2978 363 3011 tantum
381 2975 419 3013 in
439 2976 512 3014 hac
531 2976 854 3027 perstringuntur,
870 2987 937 3014 eos
953 2976 1005 3013 ita
1022 2975 1260 3026 increpantia
1277 2980 1319 3011 ut
1333 2971 1576 3010 manifestum
1593 2970 1655 3015 sit,

219 3046 305 3072 cum
325 3034 426 3074 illam
447 3037 605 3077 haberet
628 3039 831 3083 Isocrates,
854 3037 1072 3088 turpissima
1095 3036 1183 3074 vitia
1204 3035 1238 3072 in
1264 3034 1418 3071 civitate
1438 3033 1561 3069 iocum
1587 3032 1653 3069 ha-
