1924 3314
538 203 731 249 ΠΡΟΣ
774 202 1273 247 ΔΗΜΟΝΙΚΟΝ.
1570 199 1643 255 99

174 319 629 389 Ιγίγνου,1·)κενο’[ι,ιενος
653 316 695 370 δὲ
725 341 857 386 πειρω
883 315 1112 388 διαμενειν·
1143 316 1302 386 ὅμοίως
1328 340 1420 386 «γαρ
1446 314 1640 409 ocio-9530&
1665 386 1676 389 Ἃ

174 391 338 464 μηδενοι
378 393 506 458 φίλον
537 392 655 460 ’ἔχειν
684 416 764 445 κοιι
793 389 994 450 πολλους
1031 390 1238 484 ἑταίρους
1269 390 1638 462 μεταλλάττειν.

173 614 194 644 3
744 616 765 627 Ν

132 479 158 518 b
176 465 304 531 Μῆτε
330 467 455 539 μετοέ
485 467 677 530 βλάβης
711 489 844 534 πειρω
879 489 964 518 των
992 464 1149 529 φίλων,
1173 463 1289 536 μήτε
1329 464 1509 534 οἱπειρος
1534 470 1640 519 εἶναι

176 567 261 595 των
295 542 477 618 ἔταιρων
520 543 649 605 Sene,
697 564 830 594 τουτο
860 537 903 592 δε
937 542 1152 603 ποιήσεις,

1194 538 1301 592 Ξείὲν
1350 565 1412 611 μη
1449 538 1640 610 δέθμενθς

220 640 298 669 του
325 615 507 670 δεῖσθαι
540 639 782 710 προσποιῇ.
819 614 954 684 4Περῖ
989 639 1075 667 Των
1118 639 1254 690 ξητων
1291 639 1347 674 ως
1383 614 1636 708 οἷπθξρῆτων

173 689 194 718 5

203 691 452 744 οἷνοικοινου.
488 690 552 762 μὴ
590 715 743 758 τυχων
769 715 847 758 μεν
877 687 968 777 ’γοέρ
995 687 1109 742 ούὸεν
1138 689 1386 761 βλαβήσῃ,
1415 689 1568 758 τυχιδν
1593 687 1636 742 de

172 767 352 836 μᾶλλον
398 791 471 818 τον
517 789 672 851 τροπον
718 763 863 817 αὐτων
913 763 1162 835 ἐπιστήσῃ.

1236 763 1478 857 Δοκιμοιζε
1533 788 1637 823 τους

173 841 326 904 φιλους
360 837 410 892 ἔκ
440 863 490 892 τε
528 864 605 900 της
633 861 730 911 περι
760 862 835 890 τον
865 837 964 898 βίον
1001 837 1209 904 οἷτυχίοις
1242 862 1319 890 και
1350 862 1429 897 της
1463 837 1502 890 ἓν
1542 848 1634 897 τοῖς

172 955 181 974 ¹
203 952 342 993 γινόμενος
359 955 395 984 Ιι.
517 952 548 982 ἃν
564 953 597 983 Α.
613 953 648 983 C.
666 954 701 983 L.

800 950 922 999 ²25A.
939 952 976 981 L.

1064 951 1077 969 ⁴
1101 951 1186 992 ,περὶ
1202 950 1230 982 δὲ
1246 953 1302 982 τῶν
1317 953 1356 982 Α.
1375 951 1462 993 ,mel
1475 962 1508 982 τε
1524 955 1579 982 τῶν
1594 953 1631 983 C.

688 995 700 1013 ⁵
724 992 849 1035 Amnon?
863 995 900 1025 A.
913 994 1048 1025 ἀνακοινοῖ
1058 994 1095 1025 C.

210 1081 363 1123 Γινὸμενος]
379 1081 456 1113 Cod.
467 1081 598 1121 August.
608 1085 638 1111 et
651 1082 699 1111 ed.
711 1080 880 1110 Mediolan.

167 1125 297 1155 Rectius
312 1129 411 1155 tamen
423 1125 547 1154 videtur
558 1123 698 1164 γενόμενος
714 1124 821 1154 saltem
838 1134 877 1154 ex

166 1167 216 1204 iis,
227 1178 294 1207 quae
309 1168 416 1198 docuit
426 1167 565 1198 Fischer.
574 1168 612 1198 ad
624 1167 755 1198 Welleri
769 1168 877 1197 Gram-

166 1216 239 1241 mat.
250 1213 374 1251 spec.3.
386 1215 465 1250 part.
478 1214 508 1241 1.
518 1222 547 1251 p.
560 1213 613 1241 61.
658 1211 767 1240 Liceat
784 1210 877 1240 modo

166 1254 312 1293 adjicere,
326 1254 463 1294 γινόμενος
481 1264 573 1294 posse
591 1264 660 1284 esse
678 1253 874 1293 participium

166 1297 352 1337 imperfecti,
367 1308 426 1327 uon
444 1297 532 1327 aliam
548 1297 802 1336 significationem
823 1297 872 1327 ha-

165 1341 243 1371 bens
266 1351 354 1380 quarn
378 1340 531 1380 γενόμενος,
554 1341 636 1380 quod
663 1340 803 1370 Fischer.
819 1351 875 1379 pro

166 1393 231 1414 aor.
245 1386 274 1414 2.
291 1384 414 1423 accipit,
431 1394 488 1413 nos
503 1394 560 1423 pro
576 1384 636 1414 alio
657 1383 838 1422 imperfecto
859 1394 875 1413 a

165 1426 284 1466 γένομαι
307 1427 448 1456 derivato
473 1427 630 1456 habemus.
677 1427 773 1463 Hinc,
796 1436 875 1466 prae-

167 1470 272 1500 sertim
296 1470 374 1500 eod.
390 1469 521 1508 August.
538 1471 626 1499 bonae
647 1470 722 1500 alias
745 1476 823 1499 notae
846 1473 877 1499 et

167 1513 243 1543 edit,
259 1513 398 1552 principe
415 1513 663 1552 suffragantibus,
675 1513 748 1543 nihil
760 1518 876 1543 mutan-

167 1555 240 1586 dum
258 1566 326 1585 esse
342 1555 497 1586 duximus.
520 1556 629 1586 Imm.

210 1600 298 1639 Πειςῶ
313 1597 465 1639 διαμένειν]
489 1598 603 1628 Notum
618 1603 664 1629 est
680 1598 875 1638 proverbium

167 1651 241 1672 vere
252 1641 515 1680 antiquissimum:
541 1646 549 1659 ‘
561 1641 694 1672 amicitia
711 1642 878 1677 stabilium,

166 1684 298 1714 felicitas
328 1684 585 1723 temperantium‚’
611 1685 692 1724 quod
716 1686 778 1723 jam
804 1684 876 1715 Ari—

166 1727 294 1757 stoteles
313 1728 557 1758 commendavit:
582 1727 670 1767 ὄξὲιῶς
686 1727 815 1766 λέγεται,
831 1727 876 1758 δ’τι

165 1769 180 1799 ἦ
195 1769 276 1809 φιλία
290 1772 345 1799 τῶν
360 1769 490 1806 βεβαίων,
503 1770 599 1810 ὥσπερ
616 1772 630 1801 ἦ
645 1770 806 1809 εὐδαιμονία
822 1773 877 1801 τῶν

163 1812 319 1852 αὐτάρκων.
336 1824 412 1842 mor.
429 1814 466 1842 ad
484 1814 644 1843 Eudem.l.
660 1814 735 1842 vn.
752 1814 875 1843 chrz.

205 1856 286 1886 Μῆτε
305 1858 387 1895 μετὰ,
407 1855 521 1890 Βλάβης
541 1867 568 1885 κ.
584 1867 615 1886 τ’.
632 1857 678 1897 λ.]
703 1856 786 1885 Hinc
817 1858 875 1886 Pu-

161 1898 243 1928 blius
258 1900 353 1938 Syrus
370 1899 400 1928 in
416 1899 518 1929 mimis
532 1910 558 1928 n.
576 1902 646 1930 118.
673 1899 694 1917 “
706 1899 789 1928 Cave
801 1900 875 1929 ami·

161 1952 232 1972 cum
248 1943 368 1978 credas,
385 1942 443 1972 nisi
459 1952 548 1981 quem
566 1941 777 1981 probaveris.''
820 1943 875 1972 Vi-

163 1985 238 2015 tium
255 1995 372 2019 eorum,
387 1985 440 2026 qui
458 1985 573 2014 amicos
590 1986 648 2015 sibi
666 1990 790 2016 sumunt
807 1985 874 2015 sine

164 2028 316 2063 examine,
344 2028 495 2058 Lucianus
526 2033 618 2057 vocat
647 2027 784 2068 ἀκξασ-ίαν
813 2028 875 2068 περὶ

164 2071 230 2105 τοὺς
244 2069 351 2111 φίλους,
362 2071 392 2100 in
409 2071 537 2100 Timone
549 2081 581 2110 p.
593 2073 646 2101 72.
692 2072 771 2102 Vide
785 2071 874 2101 Cice-

163 2124 268 2143 ronem
297 2114 335 2144 de
364 2114 452 2143 amic.
477 2125 505 2144 c.
533 2114 646 2144 XVII.
675 2125 738 2154 seq.
774 2116 873 2145 FAcc.

163 2157 326 2195 Sapienter
348 2158 464 2187 Seneca
478 2169 527 2197 ep.
544 2159 577 2187 3.
593 2161 614 2175 ‘¹
625 2163 694 2196 post
708 2157 874 2188 amicitiam

162 2200 347 2230 credendum
375 2206 435 2235 est,
456 2207 525 2232 ante
549 2200 712 2231 amicitiam
733 2201 874 2241 judican-

161 2242 269 2273 dum.''
312 2244 436 2274 chx.

204 2286 296 2317 Τοῦτο
315 2286 342 2316 δε
364 2286 504 2328 ποιήσεις]
535 2288 562 2318 I.
583 2297 610 2318 e.
634 2286 735 2318 τούτου
754 2287 786 2317 ἂν
810 2286 872 2317 ἔπι-

160 2330 317 2370 τυγχάνῃς.
342 2330 465 2361 WOLF.

203 2373 264 2414 Μὴ]
290 2374 353 2402 Pro
368 2373 493 2412 μηδενὸς,
512 2378 542 2404 et
556 2384 627 2404 mox
641 2373 674 2404 τὸ
690 2372 799 2404 δεῖσθαι
814 2384 871 2414 pro

161 2416 211 2446 τῆν
225 2415 335 2446 ἔνδειαν.
358 2417 466 2446 IDEM.

204 2458 351 2499 Δεόμενος,
359 2458 391 2488 τὸ
400 2459 532 2500 δεῖσθαι]
546 2458 682 2500 Δεόμενός
691 2472 750 2497 του,
760 2458 871 2490 δεῖσθαι

159 2501 200 2531 de
224 2512 281 2532 suo
306 2503 393 2532 dedit
414 2503 546 2540 Coraes3
574 2509 605 2532 et
622 2505 802 2534 sententiam
826 2504 871 2533 sic

159 2545 269 2575 effert:
294 2557 379 2575 τουτο
399 2544 426 2575 δὲ
442 2545 578 2582 ποιητεις,
593 2546 729 2577 τουτέστι
750 2547 870 2588 πειράσῃ

158 2599 214 2617 των
235 2586 361 2628 ἑταίρων,
382 2591 489 2628 πξῶτον
514 2588 579 2627 μὲν,
607 2588 653 2619 ἐὰν
677 2592 720 2630 μὴ
747 2589 871 2630 δεόμενός

158 2642 231 2665 Τίνος
244 2633 421 2672 πξάγματθς
433 2630 501 2685 παῖ
512 2632 615 2668 ἀυτῶν,
627 2633 804 2674 πξῦσποίηση
817 2633 869 2662 δεῖ·

157 2673 239 2704 σθαι·
260 2675 376 2710 ἔπειτα,
398 2673 445 2704 ἐὰν
465 2675 598 2705 ἇνακοινοι
615 2676 711 2710 αὐτοῖς
735 2677 796 2716 πεξι
817 2678 871 2705 τῶν

157 2716 287 2758 ἀζημίως
307 2716 413 2758 ῥηθῆναι
436 2717 603 2758 δυναμένων,
622 2719 657 2753 ὡς
675 2719 736 2759 περὶ
753 2719 869 2771 ἀποῤῥη-

157 2772 222 2791 των.
263 2760 313 2790 Ἦν
328 2760 383 2799 μὲν
400 2763 454 2800 γὰρ
471 2763 514 2800 μὴ
535 2761 628 2802 τύχῃς
648 2761 714 2801 παρ’
734 2763 826 2792 αὐτῶν
841 2773 870 2791 ου

155 2801 264 2838 ἐδεήθης
279 2805 464 2845 πράγματος,
479 2803 492 2834 ἢ
507 2805 560 2839 τῆς
575 2815 625 2845 mg
628 2817 634 2834 ι
652 2817 687 2835 ων
701 2806 870 2835 &wemmam
905 2806 930 2836 Ρ

157 2845 293 2883 πίστεως,
308 2847 380 2877 οὐδὲν
391 2846 527 2888 βλαβήσῃ
543 2859 572 2877 κ.
588 2859 618 2877 τ.
635 2853 664 2878 λ.

146 2918 150 2922 .
199 2890 262 2930 Πᾶς.
285 2892 341 2920 τῶν
363 2891 451 2931 ῥητῶν
475 2891 510 2926 ὡς
533 2890 692 2932 ἀποῤῥήτων
713 2891 867 2932 ἀνακοινοῦ]

159 2932 235 2963 Scit,
254 2932 375 2970 τούτοις,
396 2933 439 2968 οὓς
456 2932 488 2963 ἃν
508 2933 604 2972 φίλους
623 2933 772 2964 ποιεῖσθαι
795 2933 820 2964 ἐν
836 2936 870 2973 ιᾷἷ

159 2974 239 3015 ἔχῃς.
254 2976 376 3007 Wom.
393 2977 483 3007 Unde
497 2977 545 3007 hio
556 2988 666 3008 sensus
678 2978 758 3008 exit:
773 2978 866 3015 Quod

160 3017 200 3047 ita
215 3018 317 3056 facies,
334 3020 360 3050 si
376 3031 466 3060 egere
484 3027 512 3050 te
536 3020 687 3052 simulatis
703 3031 759 3052 non
775 3031 867 3061 egem

914 1084 947 1111 et
961 1091 1031 1111 cum
1048 1080 1088 1111 iis
1104 1079 1340 1111 communicaris
1357 1090 1406 1111 res
1427 1089 1486 1110 non
1503 1090 1629 1111 arcanas

914 1128 1055 1163 tanquam
1072 1134 1206 1154 arcanas.
1252 1124 1295 1154 At
1311 1134 1348 1153 ne
1366 1124 1410 1153 sic
1423 1123 1549 1163 quidem
1562 1124 1627 1154 haec

913 1169 1007 1197 verba
1022 1167 1052 1196 in
1069 1167 1271 1206 sequentibus
1282 1168 1405 1203 liabent,
1420 1177 1481 1206 quo
1492 1177 1626 1196 commo-

911 1211 950 1240 de
971 1210 1114 1240 nitantur.
1162 1212 1241 1241 Nam
1259 1211 1351 1241 verba
1366 1211 1408 1250 μὴ
1431 1211 1541 1250 τυχὼν,
1557 1221 1626 1240 cum

912 1254 1013 1284 verbis
1030 1254 1153 1293 quidem
1170 1251 1280 1283 δεῖσθαι
1301 1253 1451 1295 ‘nevo-weg?
1462 1254 1539 1283 bene
1554 1264 1626 1282 con-

911 1297 1048 1338 veniunt,
1060 1298 1115 1327 sed
1132 1297 1233 1327 minus
1244 1297 1321 1327 bene
1333 1296 1498 1336 posteriori
1511 1307 1624 1336 propo—

910 1340 1030 1371 sitionis
1042 1341 1178 1370 membro
1188 1344 1260 1379 apta
1270 1346 1350 1370 sunt.
1369 1341 1419 1371 Ab
1427 1339 1526 1370 aliena
1535 1351 1624 1371 manu

910 1384 1049 1423 profecta
1065 1385 1219 1414 videntur.
1243 1384 1353 1413 Lino.

953 1429 997 1457 Μὴ
1012 1427 1126 1468 τυχὼν]
1153 1427 1267 1456 Vocem
1292 1425 1528 1465 generaliorem,
1552 1426 1621 1457 scil.

911 1471 963 1504 τῖς
988 1468 1110 1510 ἒλπιδος,
1128 1470 1252 1509 supplet
1275 1470 1384 1506 Wolf„
1407 1479 1461 1499 seu
1483 1470 1624 1509 explicat

911 1514 1068 1554 ἀποτυχὼν
1088 1515 1139 1547 τῆς
1158 1512 1291 1548 Bon-&elac
1307 1513 1355 1543 καὶ
1372 1524 1464 1550 σιγης,
1481 1519 1621 1543 vertens:

910 1558 934 1587 si
958 1567 1016 1587 non
1036 1558 1174 1596 juverint
1200 1561 1226 1586 et
1254 1567 1400 1587 arcanum
1424 1553 1622 1596 effutiverint.

911 1602 988 1638 Quae
1003 1601 1103 1630 omnia
1119 1601 1269 1636 fecerunt,
1285 1604 1319 1630 ut
1335 1601 1427 1630 verba
1445 1610 1501 1638 pro
1518 1600 1623 1630 subdi-

910 1643 986 1672 tivis
1002 1644 1155 1673 haberem.
1179 1644 1285 1674 IDEM.

956 1684 1104 1725 Δοκίμαζε
1136 1687 1199 1719 τοὺς
1222 1685 1318 1726 φίλους
1346 1684 1378 1715 ἐκ
1401 1687 1452 1720 τῆς
1477 1684 1620 1727 ἀτυχίας]

911 1729 977 1758 Le.
994 1730 1007 1759 ἦ
1031 1729 1187 1769 δοκιμασία
1211 1732 1267 1759 τῶν
1287 1727 1374 1769 φίλων
1393 1729 1431 1759 εἴη
1457 1730 1471 1760 ἢ
1495 1729 1621 1771 ἀτυχία.

910 1771 1030 1802 Wom.

955 1813 1101 1854 Δοκίμαζε
1124 1816 1188 1849 τοὺς
1206 1814 1303 1855 φίλους
1328 1825 1357 1845 κ.
1370 1813 1460 1854 τ.λ.]
1493 1814 1624 1845 Publius

910 1858 1007 1896 Syrus
1023 1858 1053 1887 in
1069 1858 1173 1887 mimis
1190 1868 1219 1887 n.
1236 1860 1288 1888 33.
1313 1862 1333 1875 “
1352 1858 1503 1893 Amicum,
1520 1868 1554 1888 an
1571 1868 1625 1888 no-

910 1910 977 1929 men
996 1901 1119 1936 habeas,
1135 1901 1235 1940 aperit
1251 1900 1442 1931 calamitas.‘⁷
1468 1901 1568 1930 Porro
1585 1901 1624 1931 si-

910 1943 1111 1973 militudinem
1122 1943 1312 1973 Isocrateam
1324 1943 1480 1982 expressit
1492 1944 1625 1974 Ovidius

909 1986 990 2016 trist.
1004 1987 1025 2016 l.
1038 1987 1067 2016 Ι,
1086 1987 1124 2016 el.
1137 1988 1166 2016 5.
1193 1991 1213 2005 ‘⁴
1226 1987 1353 2016 Scilicet
1368 1992 1404 2016 ut
1418 1987 1534 2017 fulvum
1552 1998 1622 2027 spe-

909 2029 1046 2059 ctaturin
1058 2029 1180 2068 ignibus
1191 2040 1294 2059 aurum
1307 2039 1315 2067 3
1330 2030 1483 2069 Tempore
1491 2030 1623 2060 sicduro

910 2072 1162 2112 estinspicienda
1175 2072 1281 2103 fides.'·'
1303 2073 1406 2103 Face.
1430 2073 1622 2109 Quoinloco

909 2120 1011 2154 poetae
1029 2115 1062 2145 τὸ
1080 2121 1209 2155 spectare
1229 2115 1312 2145 idem
1334 2120 1382 2145 est
1400 2117 1482 2155 quod
1499 2116 1621 2155 δοκιμά·

909 2157 974 2198 ζειν,
983 2159 1118 2198 probare.
1142 2159 1245 2198 Atque
1258 2170 1295 2189 ex
1312 2159 1368 2188 hac
1381 2160 1540 2189 Isocratea
1553 2170 1621 2190 ora-

909 2202 993 2232 tione
1006 2203 1138 2242 sumpsit
1149 2202 1279 2231 fortasse
1291 2212 1410 2241 quoque
1421 2202 1620 2242 Cioero,quae

908 2245 946 2274 ad
962 2245 1119 2285 Papirium
1135 2245 1259 2284 scripsit
1274 2245 1294 2274 l.
1311 2245 1375 2276 IX.
1391 2256 1442 2285 ep.
1453 2248 1504 2277 16.
1528 2246 1550 2263 ‘⁶
1561 2257 1620 2277 non

907 2289 996 2318 facile
1021 2287 1210 2327 dijudicatur
1234 2298 1318 2318 amor
1348 2299 1438 2319 verus
1462 2294 1493 2319 et
1519 2289 1620 2328 fictus,

907 2332 966 2362 nisi
985 2331 1108 2370 aliquod
1127 2331 1243 2362 incidat
1264 2332 1416 2371 ejusmodi
1435 2336 1571 2372 tempus,
1588 2339 1621 2363 ut

906 2375 993 2415 quasi
1010 2385 1116 2404 aurum
1132 2375 1209 2414 igni,
1226 2375 1271 2405 sic
1287 2375 1505 2405 benevolentia
1520 2376 1620 2407 fidelis

905 2419 1045 2458 periculo
1068 2418 1171 2457 aliquo
1187 2418 1323 2458 perspici
1340 2418 1472 2458 possit.”
1487 2419 1520 2448 id
1535 2421 1620 2459 quod

901 2464 964 2501 jam
987 2461 1175 2500 suspicatum
1195 2472 1264 2492 esse
1284 2462 1469 2498 Manutium,
1492 2473 1531 2492 ex
1553 2465 1620 2502 ejus

905 2510 1103 2535 commentar.
1120 2504 1229 2535 didici.
1276 2506 1348 2536 Huc
1364 2510 1506 2545 spectant
1520 2510 1551 2536 et
1566 2507 1620 2536 illa

906 2549 932 2576 Υ
936 2548 1025 2578 alerii
1043 2549 1129 2578 Max.
1147 2548 1168 2578 l.
1184 2549 1244 2579 IV.
1260 2559 1288 2579 c.
1304 2552 1334 2579 7.
1358 2552 1380 2566 ‘¹
1399 2549 1528 2579 sincerae
1547 2549 1618 2580 fidei

904 2591 994 2621 amici
1011 2591 1168 2631 praecipue
1182 2592 1212 2621 in
1230 2591 1371 2622 adversis
1389 2593 1482 2622 rebus
1503 2603 1618 2632 cogno-

905 2639 1044 2671 scuntur,
1070 2635 1100 2665 in
1128 2635 1240 2674 quibus
1262 2635 1408 2675 quicquid
1437 2640 1616 2675 praestatur,

905 2682 999 2707 totum
1017 2688 1032 2708 a
1048 2679 1199 2708 constanti
1216 2678 1432 2709 benevolentia
1447 2679 1616 2718 proficisci-

906 2725 966 2751 tur.
970 2719 990 2733 '⁹
1013 2722 1134 2752 Frucx.

947 2763 1012 2805 neg)
1029 2775 1074 2794 τον
1087 2761 1159 2804 Βίον]
1183 2765 1211 2794 Ι.
1225 2775 1251 2793 e.
1267 2765 1322 2794 τῶν
1334 2763 1482 2798 βιωτικῶν.
1498 2770 1531 2794 ut
1543 2764 1614 2794 etin

1383 2806 1602 2817 .....

902 2848 1113 2891 ἀφαιρεθείη..
1147 2851 1179 2881 Si
1195 2851 1264 2890 quis
1280 2861 1355 2880 vero
1375 2850 1556 2890 generaliter
1577 2851 1616 2880 de

903 2895 1010 2933 quavis
1041 2894 1214 2924 calamitate
1245 2894 1420 2934 intelligere
1452 2893 1528 2928 vult,
1556 2903 1614 2923 non

903 2947 974 2967 sane
989 2936 1140 2976 impedio:
1168 2938 1222 2967 sed
1234 2937 1361 2967 alterum
1379 2937 1546 2966 membrum
1563 2947 1615 2966 so-

901 2980 1022 3010 cietatis
1039 2980 1248 3020 periculorum
1266 2981 1440 3010 frustratum
1459 2979 1551 3018 adjici
1570 2979 1614 3009 vi-

899 3023 1033 3054 deretur.
1057 3024 1182 3055 'Wouz
