1914 3314
306 188 414 237 440

779 192 1266 240 ΙΣΟΚΡΑΤΟΎΣ

297 304 494 357 λείποντ’
519 303 719 375 οὐδεμίαν
748 307 834 358 τῶν
863 307 1060 359 τοιούτων
1085 308 1346 382 ὑπερβολὴν,
1369 310 1603 381 ἡγησάμην
1634 311 1723 363 Ed«

297 377 479 454 α’γόροιν,
504 377 549 430 εἶ’
567 403 635 437 τις
659 378 778 432 ἐστὶν
801 377 1002 442 αἴσθησις
1034 391 1124 440 τοῖς
1157 382 1493 444 τετελευτηκόσι
1518 381 1613 459 περὶ
1637 387 1722 436 τοῖν

294 465 383 496 Jovis
411 466 576 497 servatoris
604 466 797 498 simulacrum
823 469 991 508 posuimus,

294 512 358 537 tum
373 509 498 539 maximi
518 510 549 539 iu
570 510 692 540 Graecos
712 511 850 541 beneficii
866 517 927 540 tum
945 521 992 540 ar-

293 550 436 580 ctissimae
461 552 540 581 inter
560 552 646 591 ipsos
661 553 800 583 amicitiae
818 563 991 582 mouumen-

293 597 366 622 tum.
381 593 473 634 (ιβ’.)
491 594 586 624 Aliter
598 599 698 625 autem
706 605 777 631 erga
785 595 856 623 illos
866 594 990 624 affectus

291 634 350 664 fuit
365 636 524 666 Persarum
538 647 593 666 rex
602 647 611 674 3
634 637 748 674 quippe
757 635 809 673 qui
822 637 991 674 Evagoram

293 677 369 707 adeo
384 679 595 713 reformidarit,
611 682 644 707 ut
659 678 728 706 dum
749 677 895 707 beneficia
909 678 990 708 illins

292 721 517 758 experiebatur,
533 721 645 748 bellum
661 720 808 748 adversus
826 720 910 749 illum
926 731 990 749 mo-

292 762 411 797 liretur,
420 763 528 791 timens
539 760 688 796 nimirum,
699 772 748 797 ne,
758 772 824 800 quae
835 766 899 792 erat
908 762 990 792 illius

292 804 520 842 magnanimitas
539 808 570 833 et
590 813 691 832 rerum
717 809 870 842 gestarum
894 805 991 843 gloria

293 850 325 875 et
339 856 510 881 successus,
519 856 580 875 non
591 845 691 885 Cypri
701 847 886 882 tantum‚sed
896 853 989 877 totum

293 889 455 918 Persarum
478 898 602 928 regnum
627 894 786 920 everteret.
813 889 900 929 (κγ’.)
920 890 990 926 Quo

291 931 371 960 facto
383 933 548 970 Evagoras,
562 940 727 970 quanquam
739 932 876 962 omnibus
892 932 989 971 copiis

292 973 428 1009 inferior,
444 975 487 1004 ita
503 978 600 1003 tamen
620 974 764 1012 praeclare
786 985 817 1004 se
837 975 942 1014 gessit,
957 979 990 1005 ut

294 1027 349 1046 sua
363 1017 460 1056 ipsius
478 1015 588 1046 virtute
609 1016 730 1055 filioque
748 1018 917 1055 Protagora
939 1028 988 1047 so-

293 1059 363 1093 ciis,
383 1063 447 1088 tota
468 1069 553 1099 paeue
579 1057 681 1098 Cypro
696 1059 854 1098 potiretur,
869 1060 988 1089 Phoeni-

293 1101 370 1131 ciam
385 1106 527 1137 vastaret,
538 1102 650 1140 Tyrum
665 1101 692 1131 vi
704 1106 837 1141 caperet,
850 1102 988 1133 Ciciliam

293 1144 333 1173 ad
347 1144 545 1174 defectionem
568 1154 585 1173 a
606 1154 679 1182 rege
695 1144 876 1184 impelleret,
899 1151 988 1184 atque

292 1186 336 1216 ita
363 1187 466 1216 hostes
492 1186 573 1215 bello
602 1187 731 1222 satiaret,
759 1193 802 1223 ut,
831 1188 910 1217 bello
936 1198 989 1226 per

292 1229 400 1258 decem
415 1239 506 1259 annos
521 1229 633 1258 frustra
645 1234 739 1268 gemo,
756 1229 868 1269 cupide
883 1240 989 1269 pacem

292 1271 436 1301 facerent.
459 1271 545 1312 (κδ’.)
555 1272 748 1310 Quapropter
759 1273 916 1311 Evagoras
931 1282 988 1301 non

292 1318 408 1344 tantum
423 1314 539 1353 reliqua
554 1314 642 1350 bella,
655 1314 711 1344 sed
719 1315 794 1344 illud
810 1316 898 1345 etiam
913 1315 990 1344 Tro-

291 1357 393 1395 ianum
408 1358 446 1386 ab
466 1356 619 1386 Heroibus
634 1362 747 1395 gestum
770 1367 929 1397 superasse
945 1357 989 1386 vi·

294 1399 396 1435 detur,
427 1399 574 1439 siquidem
603 1399 693 1429 unius
724 1400 809 1430 urbis
839 1399 989 1434 domiuus,

294 1441 375 1471 vires
398 1442 491 1471 totius
508 1442 590 1472 Asiae
606 1443 755 1478 sustinuit,
769 1444 839 1472 dum
856 1442 902 1472 illi
917 1451 989 1471 cou-

290 1485 404 1523 junctis
427 1485 577 1514 universae
606 1485 729 1514 Graeciae
754 1485 868 1515 viribus
896 1485 989 1514 solam

293 1529 416 1566 Trojam
437 1533 698 1566 expugnaverunt.
739 1528 822 1557 Hinc
847 1530 988 1567 majorem

295 1570 385 1599 etiam
404 1580 491 1608 quam
507 1570 551 1600 illi
569 1570 693 1609 gloriam
709 1571 834 1610 adeptus
854 1576 945 1605 esset,
963 1570 989 1600 si

294 1617 342 1642 tot
354 1613 453 1642 laudis
469 1622 530 1641 suae
551 1622 708 1651 praecoues
731 1613 893 1649 habuisset,
916 1618 989 1652 quot

295 1654 354 1684 illi.
378 1654 464 1695 (κε’.)
481 1655 559 1691 Quis
580 1655 658 1685 euim
677 1656 798 1686 illorum
817 1661 900 1686 tauta
921 1666 990 1695 per·

295 1697 379 1733 fecit,
390 1704 502 1736 quauta
512 1698 686 1737 Evagoras'l
702 1699 746 1729 Ex
759 1699 880 1739 privato
888 1709 991 1738 regem

295 1749 329 1769 se
343 1741 513 1776 constituit3
538 1745 655 1779 gentem
672 1752 752 1772 suam
768 1752 862 1780 reguo
877 1742 991 1782 pulsam

294 1782 448 1821 restituit3
480 1784 565 1813 cives
588 1794 604 1813 e
624 1784 766 1815 Barbaris
793 1786 928 1820 Graecos,
950 1795 990 1814 ex

294 1825 438 1856 mollibus
460 1827 621 1856 bellicosos
642 1828 795 1865 reddidit;
817 1829 921 1857 urbem
946 1827 992 1856 iu-

295 1868 509 1907 hospitabilem
535 1870 762 1900 mansuetiorem
784 1875 816 1900 et
843 1869 992 1899 mitiorem

295 1911 386 1950 fecit5
419 1911 500 1948 regis
526 1912 627 1941 socius
654 1913 691 1942 ad
721 1913 824 1942 navale
851 1912 991 1951 proelium

294 1953 376 1983 circa
388 1953 517 1984 Cnidum
530 1955 676 1984 maximas
685 1955 764 1984 vires
777 1955 922 1991 contulit;
939 1955 992 1984 sed

294 1995 392 2026 hostis
407 1996 504 2027 sactus
520 1998 665 2036 ejusdem,
681 2003 740 2027 tam
755 1998 896 2036 praeclare
912 1998 993 2027 ultus

294 2043 353 2074 est,
366 2043 399 2068 ut
411 2039 522 2069 bellum
535 2040 566 2069 iu
578 2039 684 2079 Cypro
695 2048 811 2079 gestum
824 2041 883 2070 alta
893 2046 992 2070 mente

294 2082 377 2120 regis
393 2087 511 2112 maneat
526 2087 690 2121 repostum.
713 2081 804 2123 (ις’.)
825 2083 907 2113 Hinc
920 2083 993 2122 quid

294 2124 456 2154 maximum
472 2125 512 2154 sit
532 2124 611 2154 inter
627 2125 776 2164 Evagorae
788 2126 930 2162 facinora,
946 2126 992 2155 di-

295 2177 365 2196 cere
390 2177 518 2206 neqneo,
542 2177 721 2206 quocunque
746 2167 823 2198 enim
848 2178 896 2198 me
920 2178 992 2198 con-

296 2214 428 2244 vertero,
453 2209 553 2239 omuia
572 2209 648 2239 mihi
670 2209 800 2240 maxima
816 2216 847 2240 et
868 2210 994 2241 admira-

295 2252 377 2282 tione
407 2252 583 2291 dignissima
607 2252 760 2283 videntur.
792 2252 881 2294 (κζ’.)
910 2255 992 2292 Qua-

295 2299 420 2334 propter
456 2295 541 2325 illum
580 2295 804 2325 immortalitate
837 2296 992 2335 dignatum

296 2347 363 2367 esse
375 2337 491 2376 judico,
506 2338 655 2376 siquidem
680 2342 823 2377 perpetua
848 2339 992 2369 felicitate

297 2380 333 2408 ad
350 2381 464 2410 obitum
488 2390 582 2419 usque
604 2381 706 2420 gravis
727 2386 785 2410 est.
816 2380 906 2421 (κη’.)
922 2381 992 2420 Epi-

298 2422 391 2461 logus.
421 2423 514 2453 Nulla
541 2433 648 2463 nempe
674 2424 827 2454 felicitatis
851 2434 922 2463 pars
947 2423 993 2453 illi

298 2465 402 2494 defuit.
440 2466 529 2495 Tales
540 2466 618 2495 enim
628 2466 733 2496 habuit
744 2467 883 2505 majores,
892 2466 995 2506 quales

297 2511 409 2545 praeter
425 2508 506 2538 illum
523 2519 610 2538 nemo
626 2508 722 2548 alius;
745 2519 871 2548 corpore
887 2515 918 2540 et
931 2509 993 2539 ani-

297 2559 346 2578 mo
367 2552 485 2580 caeteris
504 2551 593 2590 !ouge
606 2552 768 2589 praestitit3
796 2552 993 2582 immortalem

297 2591 425 2621 nominis
440 2593 486 2622 sui
497 2594 668 2623 memorium
683 2594 821 2633 reliquit;
844 2605 937 2625 senex
951 2596 992 2624 sa-

297 2639 377 2670 ctus,
392 2637 562 2665 morborum
579 2637 744 2666 senectutis
758 2648 866 2677 expers
887 2639 994 2668 deces-

297 2677 354 2713 sit;
375 2677 497 2714 multos,
516 2689 628 2717 eosque
647 2679 780 2718 pulcros,
797 2681 908 2710 liberos
929 2690 994 2710 sus-

297 2719 391 2758 cepit,
413 2730 538 2758 quorum
566 2722 642 2751 alius
664 2732 731 2758 rex,
755 2724 830 2753 alius
853 2723 995 2763 princeps

298 2767 422 2792 vocatus
437 2768 495 2798 est,
511 2763 553 2792 ita
569 2769 600 2793 ut
616 2774 721 2795 nomeu
737 2765 787 2795 dei
801 2771 852 2796 aut
867 2766 996 2796 numinis

297 2810 348 2834 aut
364 2804 540 2835 immortalis
555 2806 585 2835 iu
601 2817 668 2836 eum
685 2818 826 2846 perquam
841 2809 997 2839 commode

297 2847 466 2877 conveniat.
497 2847 583 2888 (n6'.)
606 2849 708 2879 Sentio
737 2851 868 2889 quidem.
892 2851 995 2886 multa,

298 2900 366 2928 quae
381 2890 420 2919 de
443 2891 581 2930 Evagora
603 2892 664 2922 dici
681 2898 827 2931 poterant,
846 2895 886 2924 ob
909 2904 995 2924 sene-

298 2932 391 2962 ctutis
413 2932 612 2964 infirmitatem
637 2936 835 2973 praetermissa
849 2947 929 2972 esse,
945 2947 995 2966 ve-

299 2980 464 3006 rumtamen
481 2986 534 3015 pro
547 2977 662 3007 viribus
679 2988 736 3008 nou
753 2978 913 3010 illaudatus
929 2980 995 3009 fuit.

1023 467 1100 509 (λ’.)
1138 469 1249 499 Pulcra
1283 475 1352 500 sunt
1385 481 1540 512 corporum
1575 473 1722 512 imagines

1024 516 1227 547 monumenta,
1255 516 1384 542 attamen
1419 515 1527 544 mentis
1560 524 1723 554 rerumque

1026 557 1176 591 gestarum
1191 554 1253 588 illa,
1269 563 1335 592 quae
1350 555 1380 583 iu
1399 555 1569 586 artificiosis
1579 557 1720 587 orationi-

1025 594 1081 624 bus
1108 595 1345 633 conspiciuntur,
1366 597 1469 626 multis
1491 598 1530 628 de
1556 600 1654 629 causis
1667 609 1720 628 an-

1023 637 1192 674 teponenda
1216 637 1367 669 videntur.
1419 639 1495 668 Nam
1515 640 1643 678 primum
1662 642 1722 672 viri

1025 684 1202 717 praestantes
1221 690 1320 710 rerum
1340 686 1491 719 gestarum
1509 682 1604 720 gloria
1624 684 1720 722 magis

1024 731 1111 760 quam
1128 722 1264 761 corporis
1278 723 1373 753 forma
1393 724 1587 762 superbiunt3
1609 725 1720 755 deinde

1025 774 1178 803 expressae
1208 775 1366 804 corporum
1395 767 1497 796 formae
1525 767 1630 796 eodem
1652 767 1720 797 loco

1023 812 1157 842 manent;
1180 807 1332 837 orationes
1339 818 1410 838 vero
1422 809 1599 847 evulgautur
1611 814 1641 838 et
1653 820 1721 838 eru-

1024 848 1106 878 ditos
1132 849 1301 887 delectaut;
1338 861 1427 888 porro
1458 851 1535 881 fictis
1565 852 1603 880 ef
1626 851 1720 890 pictis

1021 891 1206 930 imaginibus
1219 902 1275 921 nec
1294 894 1450 933 quisquam
1471 903 1582 933 corpus
1601 894 1722 923 assimi-

1024 934 1087 963 lare
1103 939 1216 973 potest,
1236 940 1367 965 mentem
1383 946 1454 965 vero
1474 947 1508 965 ac
1532 946 1631 965 mores
1654 946 1720 966 ora-

1023 976 1105 1005 tioue
1120 977 1258 1015 depictos
1274 983 1373 1007 mente
1388 978 1500 1008 imitari
1515 977 1606 1008 valet.
1628 977 1721 1018 (λα’.)

1022 1018 1124 1057 Atque
1154 1019 1218 1049 haec
1243 1021 1399 1059 praecipua
1424 1031 1514 1050 causa
1543 1024 1602 1056 est,
1628 1031 1720 1059 quare

1022 1061 1097 1090 hauc
1112 1062 1275 1092 orationem
1290 1062 1473 1102 scripserim,
1485 1062 1556 1101 quia
1570 1063 1721 1101 ejusmodi

1021 1104 1149 1142 pictura,
1177 1114 1235 1134 uon
1265 1105 1360 1135 aliena
1386 1106 1566 1144 praesertim,
1589 1105 1641 1135 sed
1665 1106 1720 1134 do-

1022 1146 1158 1182 mestica,
1169 1152 1198 1176 te
1214 1152 1341 1186 tuosque
1356 1152 1418 1177 tum
1434 1148 1464 1177 iu
1481 1147 1597 1186 agendo
1612 1147 1719 1177 tamin

1022 1189 1151 1218 dicendo
1174 1190 1312 1219 omnibus
1327 1190 1499 1229 superiores
1513 1189 1642 1219 reddere
1662 1199 1717 1229 po-

1023 1236 1094 1261 test.
1123 1230 1220 1272 (RB'.)
1242 1233 1290 1261 Ne
1301 1243 1372 1262 vero
1383 1238 1538 1272 puteS,me
1548 1232 1717 1271 segniorem

1022 1278 1053 1302 te
1067 1274 1191 1303 credere
1207 1278 1237 1304 et
1251 1275 1372 1304 stimulo
1388 1279 1538 1315 egentem,
1550 1285 1641 1314 quum
1656 1280 1718 1304 tam

1023 1325 1104 1354 saepe
1126 1321 1155 1345 te
1176 1317 1292 1353 hortor,
1311 1318 1403 1353 scias,
1426 1328 1472 1348 me
1492 1317 1717 1356 spectatoribus

1022 1359 1218 1388 certaminum
1231 1369 1298 1389 esse
1313 1360 1453 1396 similem,
1463 1360 1514 1398 qui
1527 1369 1584 1389 non
1596 1360 1719 1390 ultimos

1023 1410 1191 1436 cursorum,
1204 1402 1256 1430 sed
1273 1401 1387 1440 primos
1402 1407 1548 1440 metaeque
1561 1402 1719 1440 proximos

1022 1442 1167 1482 instigare
1189 1444 1295 1473 solent.
1325 1443 1420 1484 (λγ’.)
1437 1445 1542 1473 Meum
1559 1444 1652 1482 igitur
1670 1448 1717 1474 est

1022 1486 1220 1525 aliorumque,
1236 1487 1288 1526 qui
1302 1487 1357 1516 tibi
1373 1488 1448 1516 bene
1467 1486 1584 1522 volunt,
1598 1492 1628 1516 te
1649 1487 1721 1517 hor-

1022 1529 1089 1564 tari,
1107 1533 1140 1558 ut
1159 1529 1273 1565 eadem,
1289 1540 1348 1568 qua
1363 1529 1504 1568 incepisti
1526 1529 1586 1565 via,
1599 1539 1720 1569 pergas,

1023 1576 1105 1601 tuum
1118 1576 1221 1601 contra
1236 1572 1319 1607 eniti,
1330 1578 1363 1601 ut
1376 1572 1540 1611 majoribus
1554 1572 1616 1602 tuis
1630 1582 1718 1611 quam

1023 1614 1194 1644 simillimus
1217 1616 1282 1650 fias,
1303 1625 1362 1644 nou
1391 1619 1561 1649 contentus,
1578 1615 1636 1644 nisi
1662 1625 1721 1644 non

1022 1662 1136 1687 tantum
1152 1657 1229 1693 aliis,
1245 1657 1298 1687 sed
1316 1657 1407 1687 etiam
1427 1657 1478 1693 iis,
1493 1657 1546 1696 qui
1565 1656 1596 1686 in
1613 1657 1721 1687 iisdem

1024 1705 1122 1729 tecum
1138 1700 1299 1730 honoribus
1315 1705 1483 1735 versantur,
1499 1700 1723 1730 antecellueris.

1024 1743 1124 1781 Atque
1139 1743 1198 1772 hoc
1214 1743 1302 1773 facile
1321 1743 1497 1784 perfeceriS,
1512 1743 1675 1772 dnmmodo
1690 1742 1721 1772 iu

1024 1785 1178 1824 sapientiae
1202 1786 1302 1815 studio
1322 1785 1582 1824 perseveraverim
1608 1789 1720 1815 tantos-

1025 1838 1095 1866 que,
1106 1832 1231 1866 quantos
1241 1829 1405 1867 hucusque,
1415 1827 1522 1857 feceris
1534 1837 1723 1866 progressus.

1025 1871 1137 1900 Lino.
1181 1871 1310 1900 Videtur
1323 1871 1388 1899 haec
1403 1869 1498 1899 oratio
1518 1869 1662 1909 inscripta
1676 1870 1723 1899 fu-

1024 1913 1086 1942 isse
1102 1923 1177 1942 anno
1193 1918 1261 1942 ante
1277 1913 1428 1942 Christum
1444 1914 1518 1943 374.
1531 1917 1560 1941 et
1574 1911 1724 1942 Isocratis

1025 1956 1124 1985 aetatis
1143 1957 1194 1986 62.
1218 1957 1353 1986 Atym-21³.

1066 1997 1222 2039 Νικόκλεις]
1252 1998 1349 2028 Filius
1365 1998 1526 2036 Evagorae,
1541 1996 1622 2036 regis
1637 1997 1723 2027 Sala-

1025 2039 1125 2076 minis,
1146 2042 1228 2070 urbis
1249 2041 1354 2080 Cypri,
1376 2038 1472 2079 atque*
1490 2041 1555 2079 ejus
1577 2040 1607 2069 in
1629 2050 1723 2079 regno

1026 2093 1204 2114 successor:
1235 2093 1329 2123 quare
1358 2083 1395 2112 ab
1424 2083 1561 2112 Isocrate
1583 2083 1622 2112 de
1649 2084 1724 2113 Per-

1025 2130 1099 2155 mut.
1135 2127 1161 2166 §.
1187 2125 1232 2160 ις’.
1264 2126 1276 2155 ὅ
1298 2127 1357 2165 τῶν
1386 2125 1563 2164 Σαλαμινίων
1587 2124 1724 2159 Βασιλεὺς

1025 2173 1056 2197 et
1071 2169 1097 2208 §.
1121 2168 1170 2198 κε’.
1193 2169 1205 2198 ὅ
1231 2168 1354 2208 Κύπριος
1380 2168 1564 2207 appellatur.
1594 2171 1628 2197 ut
1652 2173 1684 2198 et
1704 2178 1723 2198 a

1026 2211 1163 2241 Maximo
1180 2211 1276 2251 Tyrio
1293 2211 1422 2240 Dissert.
1437 2221 1490 2239 xx.
1506 2216 1538 2240 et
1559 2210 1597 2239 ab
1613 2209 1722 2240 AEliau.

1027 2254 1064 2282 V.
1081 2253 1124 2284 H.
1149 2254 1203 2284 vii.
1223 2256 1253 2284 2.
1284 2253 1352 2283 Alio
1371 2253 1490 2282 nomine
1513 2252 1574 2282 dici
1599 2257 1724 2291 putatur

1027 2296 1199 2326 Nicocreon
1216 2307 1233 2325 a
1249 2296 1408 2334 Leopardo
1425 2295 1552 2325 Emeud.
1576 2294 1598 2324 i.
1617 2297 1670 2325 10.
1691 2300 1723 2325 et

1025 2348 1042 2368 a
1057 2339 1235 2370 Casaubono
1251 2339 1288 2368 ad
1305 2339 1483 2368 Atheuaeum
1499 2337 1563 2367 viii.
1584 2339 1614 2368 9.
1635 2339 1722 2368 Duos

1025 2381 1131 2416 fuisse,
1155 2381 1264 2421 quibus
1284 2391 1391 2410 nomen
1418 2380 1555 2410 Nicoclis
1576 2380 1722 2410 tributum

1027 2424 1229 2454 offenderetur
1251 2425 1340 2454 docet
1360 2422 1538 2453 Perizonius
1557 2423 1594 2452 ad
1610 2422 1722 2453 AElian.

1025 2467 1047 2496 l.
1061 2467 1079 2496 l.
1090 2477 1213 2506 quorum
1230 2466 1359 2506 priorem
1372 2465 1604 2503 hunoEvagorae
1615 2465 1724 2502 filium,

1027 2511 1112 2548 cujus
1139 2511 1251 2539 mentio
1279 2509 1316 2538 ab
1347 2508 1469 2539 AEliano
1497 2508 1594 2542 tieret,
1625 2507 1722 2538 fuisse

1027 2553 1190 2582 existimat.
1208 2552 1336 2581 Videtur
1349 2552 1448 2581 eidem
1459 2550 1616 2581 Perizonio
1629 2560 1723 2592 regno

1027 2595 1164 2634 privatus
1179 2605 1246 2624 esse
1262 2604 1279 2624 a
1295 2595 1472 2633 Prytagora,
1484 2601 1537 2622 seu
1549 2593 1724 2632 Protagora,

1028 2638 1080 2676 qni
1109 2639 1134 2678 ς.
1160 2636 1215 2676 κγ’.
1231 2639 1269 2667 ab
1300 2638 1437 2667 Isocrate
1463 2641 1724 2666 commemoratur.

1028 2681 1236 2712 ansrsms.
1257 2680 1304 2710 cf.
1331 2679 1425 2710 Diod.
1445 2678 1508 2708 Sic.
1529 2678 1551 2707 l.
1578 2677 1644 2708 xiv.
1669 2681 1721 2710 98.

1028 2724 1157 2753 Aristot.
1173 2723 1263 2753 Polit.
1279 2733 1308 2751 v.
1322 2725 1373 2752 10.
1389 2726 1420 2751 et
1432 2720 1545 2751 Justin.
1558 2722 1628 2750 v.6.

1069 2768 1129 2796 Τῶν
1153 2763 1366 2806 ἐπιφερομένων]
1389 2763 1573 2804 inferiarum.
1596 2762 1723 2803 ἒπιφέςε·

1028 2808 1094 2838 σθαι
1111 2809 1188 2838 enim
1203 2809 1282 2838 idem
1298 2812 1345 2837 est
1358 2817 1392 2836 ac
1408 2807 1475 2835 Lat.
1488 2803 1722 2845 inferi-elmun-

1070 2851 1211 2892 Μουσικῇ]
1233 2851 1343 2880 Morus
1358 2849 1396 2879 ad
1408 2850 1517 2887 Paneg.
1530 2847 1556 2887 §.
1572 2846 1638 2887 μί’.
1650 2859 1722 2879 con-

1026 2893 1093 2933 jicit
1111 2895 1159 2924 hic
1182 2893 1339 2932 legendum
1362 2901 1430 2922 esse
1450 2893 1597 2929 μουσικῆς,
1610 2891 1721 2931 impro-

1030 2937 1169 2967 bantibus
1185 2935 1364 2966 Findeiseuo
1379 2940 1410 2964 et
1426 2933 1549 2973 hangio.

1082 2977 1210 3009 Ats'vrovr'
1238 2976 1367 3016 οὐδεμίαν
1396 2976 1572 3016 ὑπερβολὴν]
1607 2975 1725 3010 Arimi..

1906 2890 1911 2916 .-
1906 2685 1912 2881 mm--
1906 2610 1911 2678 —.
1906 2314 1912 2603 —---—-.-.--—.-.
1907 2178 1914 2299 --..—
1907 2064 1914 2172 -———
1908 2026 1914 2056 -.-
1908 1996 1914 2018 .-
1908 1949 1913 1985 --
