<?xml version="1.0" encoding="UTF-8"?>
<!DOCTYPE html PUBLIC "-//W3C//DTD XHTML 1.0 Transitional//EN"
    "http://www.w3.org/TR/xhtml1/DTD/xhtml1-transitional.dtd">
<html xmlns="http://www.w3.org/1999/xhtml" xml:lang="en" lang="en">
 <head>
  <title>
</title>
<meta http-equiv="Content-Type" content="text/html;charset=utf-8" />
  <meta name='ocr-system' content='tesseract 3.04.00' />
  <meta name='ocr-capabilities' content='ocr_page ocr_carea ocr_par ocr_line ocrx_word'/>
</head>
<body>
  <div class='ocr_page' id='page_1' title='image "./oratoresatticie03dobs_0190.png"; bbox 0 0 1924 3314; ppageno 0'>
   <div class='ocr_carea' id='block_1_1' title="bbox 309 189 1265 242">
    <p class='ocr_par' dir='ltr' id='par_1_1' title="bbox 309 189 1265 242">
     <span class='ocr_line' id='line_1_1' title="bbox 309 189 1265 242; baseline -0.003 0"><span class='ocrx_word' id='word_1_1' title='bbox 309 189 412 242; x_wconf 84' lang='lat'><strong>168</strong></span> <span class='ocrx_word' id='word_1_2' title='bbox 776 192 1265 239; x_wconf 73' lang='grc' dir='ltr'>ΙΣΟΚΡΑΤΟΥΣ</span> 
     </span>
    </p>
   </div>
   <div class='ocr_carea' id='block_1_2' title="bbox 303 304 1770 510">
    <p class='ocr_par' dir='ltr' id='par_1_2' title="bbox 303 304 1770 510">
     <span class='ocr_line' id='line_1_2' title="bbox 303 304 1728 375; baseline -0.001 -13"><span class='ocrx_word' id='word_1_3' title='bbox 303 309 445 362; x_wconf 63' lang='lat' dir='ltr'><strong>aziz-5⁹</strong></span> <span class='ocrx_word' id='word_1_4' title='bbox 470 305 630 375; x_wconf 73' lang='grc' dir='ltr'><em>ψυχοές</em></span> <span class='ocrx_word' id='word_1_5' title='bbox 654 306 1184 375; x_wconf 73' lang='grc' dir='ltr'><em>οὕτωπαροισκευοὲσοισιν</em></span> <span class='ocrx_word' id='word_1_6' title='bbox 1204 305 1310 365; x_wconf 69' lang='grc' dir='ltr'><em>ὅςτε</em></span> <span class='ocrx_word' id='word_1_7' title='bbox 1333 306 1415 363; x_wconf 57' lang='grc' dir='ltr'><strong>,καὶ</strong></span> <span class='ocrx_word' id='word_1_8' title='bbox 1442 305 1542 365; x_wconf 65' lang='grc' dir='ltr'><em>τοὺς</em></span> <span class='ocrx_word' id='word_1_9' title='bbox 1563 304 1728 375; x_wconf 67' lang='grc' dir='ltr'><strong>ἄλλους</strong></span> 
     </span>
     <span class='ocr_line' id='line_1_3' title="bbox 303 379 1770 451; baseline 0 -17"><span class='ocrx_word' id='word_1_10' title='bbox 303 383 477 447; x_wconf 76' lang='grc' dir='ltr'>ὦφελεῒν</span> <span class='ocrx_word' id='word_1_11' title='bbox 496 379 732 445; x_wconf 58' lang='grc' dir='ltr'><strong>δύναιο-θαι,</strong></span> <span class='ocrx_word' id='word_1_12' title='bbox 748 379 912 440; x_wconf 78' lang='grc' dir='ltr'><em>τούτοις</em></span> <span class='ocrx_word' id='word_1_13' title='bbox 937 381 952 407; x_wconf 80' lang='lat'>¹</span> <span class='ocrx_word' id='word_1_14' title='bbox 965 379 1009 432; x_wconf 65' lang='grc' dir='ltr'><strong>δ’</strong></span> <span class='ocrx_word' id='word_1_15' title='bbox 1029 380 1229 451; x_wconf 70' lang='grc' dir='ltr'><strong>οὐδεμίαν</strong></span> <span class='ocrx_word' id='word_1_16' title='bbox 1249 380 1375 450; x_wconf 67' lang='grc' dir='ltr'>τιμὴν</span> <span class='ocrx_word' id='word_1_17' title='bbox 1392 380 1646 451; x_wconf 65' lang='grc' dir='ltr'><em>οἷοι-ἔνειμαν,</em></span> <span class='ocrx_word' id='word_1_18' title='bbox 1674 379 1725 434; x_wconf 68' lang='grc' dir='ltr'><strong>οἷν,</strong></span> <span class='ocrx_word' id='word_1_19' title='bbox 1744 395 1770 434; x_wconf 91' lang='lat' dir='ltr'><strong>b</strong></span> 
     </span>
     <span class='ocr_line' id='line_1_4' title="bbox 876 477 1152 510; baseline 0.004 -2"><span class='ocrx_word' id='word_1_20' title='bbox 876 478 885 496; x_wconf 91' lang='lat'>¹</span> <span class='ocrx_word' id='word_1_21' title='bbox 903 477 927 508; x_wconf 64' lang='grc' dir='ltr'><strong>δ’</strong></span> <span class='ocrx_word' id='word_1_22' title='bbox 942 489 1001 510; x_wconf 79' lang='lat' dir='ltr'><strong>om.</strong></span> <span class='ocrx_word' id='word_1_23' title='bbox 1014 480 1099 510; x_wconf 83' lang='lat' dir='ltr'><strong>A.c.</strong></span> <span class='ocrx_word' id='word_1_24' title='bbox 1115 480 1152 509; x_wconf 81' lang='lat' dir='ltr'><strong>L.</strong></span> 
     </span>
    </p>
   </div>
   <div class='ocr_carea' id='block_1_3' title="bbox 299 554 998 2042">
    <p class='ocr_par' dir='ltr' id='par_1_3' title="bbox 299 554 998 2042">
     <span class='ocr_line' id='line_1_5' title="bbox 303 554 998 594; baseline -0.001 -9"><span class='ocrx_word' id='word_1_25' title='bbox 303 554 341 585; x_wconf 87' lang='lat' dir='ltr'><strong>ad</strong></span> <span class='ocrx_word' id='word_1_26' title='bbox 356 554 556 594; x_wconf 82' lang='lat' dir='ltr'><strong>diripiendum</strong></span> <span class='ocrx_word' id='word_1_27' title='bbox 572 559 602 585; x_wconf 89' lang='lat' dir='ltr'><strong>et</strong></span> <span class='ocrx_word' id='word_1_28' title='bbox 617 555 793 584; x_wconf 87' lang='lat' dir='ltr'><strong>diruendum</strong></span> <span class='ocrx_word' id='word_1_29' title='bbox 813 554 929 590; x_wconf 84' lang='lat' dir='ltr'><strong>relicta,</strong></span> <span class='ocrx_word' id='word_1_30' title='bbox 942 554 998 584; x_wconf 91' lang='lat' dir='ltr'><strong>soli</strong></span> 
     </span>
     <span class='ocr_line' id='line_1_6' title="bbox 305 597 998 627; baseline 0 -1"><span class='ocrx_word' id='word_1_31' title='bbox 305 607 398 627; x_wconf 81' lang='lat' dir='ltr'><strong>naves</strong></span> <span class='ocrx_word' id='word_1_32' title='bbox 421 597 668 627; x_wconf 86' lang='lat' dir='ltr'><strong>conscenderunt.</strong></span> <span class='ocrx_word' id='word_1_33' title='bbox 724 597 818 626; x_wconf 85' lang='lat' dir='ltr'><strong>Victis</strong></span> <span class='ocrx_word' id='word_1_34' title='bbox 845 607 917 626; x_wconf 79' lang='lat' dir='ltr'><strong>vero</strong></span> <span class='ocrx_word' id='word_1_35' title='bbox 942 597 998 626; x_wconf 88' lang='lat' dir='ltr'><strong>hac</strong></span> 
     </span>
     <span class='ocr_line' id='line_1_7' title="bbox 305 639 998 673; baseline 0 -5"><span class='ocrx_word' id='word_1_36' title='bbox 305 640 402 669; x_wconf 82' lang='lat' dir='ltr'><strong>classe</strong></span> <span class='ocrx_word' id='word_1_37' title='bbox 417 642 454 670; x_wconf 89' lang='lat' dir='ltr'><strong>ad</strong></span> <span class='ocrx_word' id='word_1_38' title='bbox 470 639 644 669; x_wconf 84' lang='lat' dir='ltr'><strong>Salaminem</strong></span> <span class='ocrx_word' id='word_1_39' title='bbox 669 639 815 673; x_wconf 85' lang='lat' dir='ltr'><strong>barbaris,</strong></span> <span class='ocrx_word' id='word_1_40' title='bbox 832 639 998 668; x_wconf 87' lang='lat' dir='ltr'><strong>Athenien·</strong></span> 
     </span>
     <span class='ocr_line' id='line_1_8' title="bbox 305 681 997 722; baseline -0.001 -10"><span class='ocrx_word' id='word_1_41' title='bbox 305 683 433 721; x_wconf 83' lang='lat' dir='ltr'><strong>ses‚·qui</strong></span> <span class='ocrx_word' id='word_1_42' title='bbox 458 683 600 722; x_wconf 86' lang='lat' dir='ltr'><strong>plurimas</strong></span> <span class='ocrx_word' id='word_1_43' title='bbox 622 682 661 711; x_wconf 88' lang='lat' dir='ltr'><strong>ad</strong></span> <span class='ocrx_word' id='word_1_44' title='bbox 678 682 734 710; x_wconf 86' lang='lat' dir='ltr'><strong>boc</strong></span> <span class='ocrx_word' id='word_1_45' title='bbox 750 681 890 720; x_wconf 83' lang='lat' dir='ltr'><strong>proelium</strong></span> <span class='ocrx_word' id='word_1_46' title='bbox 906 691 997 711; x_wconf 84' lang='lat' dir='ltr'><strong>naves</strong></span> 
     </span>
     <span class='ocr_line' id='line_1_9' title="bbox 305 724 996 759; baseline 0 -6"><span class='ocrx_word' id='word_1_47' title='bbox 305 725 504 759; x_wconf 81' lang='lat' dir='ltr'><strong>contulerant,</strong></span> <span class='ocrx_word' id='word_1_48' title='bbox 529 724 634 754; x_wconf 83' lang='lat' dir='ltr'><strong>salutis</strong></span> <span class='ocrx_word' id='word_1_49' title='bbox 659 725 831 753; x_wconf 87' lang='lat' dir='ltr'><strong>Graecorum</strong></span> <span class='ocrx_word' id='word_1_50' title='bbox 858 730 996 753; x_wconf 78' lang='lat' dir='ltr'>auctores</span> 
     </span>
     <span class='ocr_line' id='line_1_10' title="bbox 303 766 997 808; baseline 0 -12"><span class='ocrx_word' id='word_1_51' title='bbox 303 768 428 807; x_wconf 83' lang='lat' dir='ltr'><strong>putandi</strong></span> <span class='ocrx_word' id='word_1_52' title='bbox 448 772 528 797; x_wconf 86' lang='lat' dir='ltr'><strong>suut.</strong></span> <span class='ocrx_word' id='word_1_53' title='bbox 563 766 651 808; x_wconf 72' lang='grc' dir='ltr'>(κη’.)</span> <span class='ocrx_word' id='word_1_54' title='bbox 674 767 734 803; x_wconf 89' lang='lat' dir='ltr'><strong>Qui</strong></span> <span class='ocrx_word' id='word_1_55' title='bbox 756 767 848 806; x_wconf 85' lang='lat' dir='ltr'><strong>igitur</strong></span> <span class='ocrx_word' id='word_1_56' title='bbox 862 766 892 795; x_wconf 92' lang='lat' dir='ltr'><strong>iu</strong></span> <span class='ocrx_word' id='word_1_57' title='bbox 908 777 997 805; x_wconf 88' lang='lat' dir='ltr'><strong>supe-</strong></span> 
     </span>
     <span class='ocr_line' id='line_1_11' title="bbox 304 809 997 848; baseline 0 -10"><span class='ocrx_word' id='word_1_58' title='bbox 304 810 434 840; x_wconf 90' lang='lat' dir='ltr'><strong>rioribus</strong></span> <span class='ocrx_word' id='word_1_59' title='bbox 447 810 534 839; x_wconf 91' lang='lat' dir='ltr'><strong>bellis</strong></span> <span class='ocrx_word' id='word_1_60' title='bbox 549 809 706 839; x_wconf 81' lang='lat' dir='ltr'>maximam</span> <span class='ocrx_word' id='word_1_61' title='bbox 719 809 844 847; x_wconf 84' lang='lat' dir='ltr'>gloriam</span> <span class='ocrx_word' id='word_1_62' title='bbox 856 810 997 848; x_wconf 89' lang='lat' dir='ltr'><strong>deporta-</strong></span> 
     </span>
     <span class='ocr_line' id='line_1_12' title="bbox 303 852 996 892; baseline 0 -11"><span class='ocrx_word' id='word_1_63' title='bbox 303 859 382 888; x_wconf 79' lang='lat' dir='ltr'><strong>runt,</strong></span> <span class='ocrx_word' id='word_1_64' title='bbox 392 852 444 891; x_wconf 87' lang='lat' dir='ltr'><strong>qui</strong></span> <span class='ocrx_word' id='word_1_65' title='bbox 460 853 579 892; x_wconf 85' lang='lat' dir='ltr'><strong>privata</strong></span> <span class='ocrx_word' id='word_1_66' title='bbox 588 853 698 890; x_wconf 85' lang='lat' dir='ltr'><strong>saepius</strong></span> <span class='ocrx_word' id='word_1_67' title='bbox 712 862 766 890; x_wconf 92' lang='lat' dir='ltr'><strong>pro</strong></span> <span class='ocrx_word' id='word_1_68' title='bbox 782 852 850 881; x_wconf 89' lang='lat' dir='ltr'><strong>aliis</strong></span> <span class='ocrx_word' id='word_1_69' title='bbox 861 853 996 891; x_wconf 83' lang='lat' dir='ltr'><strong>pericula</strong></span> 
     </span>
     <span class='ocr_line' id='line_1_13' title="bbox 303 895 995 934; baseline 0 -10"><span class='ocrx_word' id='word_1_70' title='bbox 303 895 469 931; x_wconf 89' lang='lat' dir='ltr'><strong>subierunt,</strong></span> <span class='ocrx_word' id='word_1_71' title='bbox 481 895 532 934; x_wconf 91' lang='lat' dir='ltr'><strong>qui</strong></span> <span class='ocrx_word' id='word_1_72' title='bbox 545 895 574 923; x_wconf 92' lang='lat' dir='ltr'><strong>in</strong></span> <span class='ocrx_word' id='word_1_73' title='bbox 584 895 793 924; x_wconf 87' lang='lat' dir='ltr'><strong>communibus</strong></span> <span class='ocrx_word' id='word_1_74' title='bbox 803 895 920 934; x_wconf 88' lang='lat' dir='ltr'><strong>proeliis</strong></span> <span class='ocrx_word' id='word_1_75' title='bbox 935 896 995 924; x_wconf 86' lang='lat' dir='ltr'><strong>for-</strong></span> 
     </span>
     <span class='ocr_line' id='line_1_14' title="bbox 304 937 995 976; baseline 0 -10"><span class='ocrx_word' id='word_1_76' title='bbox 304 937 442 967; x_wconf 82' lang='lat' dir='ltr'><strong>titudinis</strong></span> <span class='ocrx_word' id='word_1_77' title='bbox 458 938 580 976; x_wconf 82' lang='lat' dir='ltr'><strong>praemia</strong></span> <span class='ocrx_word' id='word_1_78' title='bbox 595 938 798 971; x_wconf 85' lang='lat' dir='ltr'><strong>obtinuerunt,</strong></span> <span class='ocrx_word' id='word_1_79' title='bbox 814 937 866 976; x_wconf 90' lang='lat' dir='ltr'><strong>qui</strong></span> <span class='ocrx_word' id='word_1_80' title='bbox 881 948 935 976; x_wconf 88' lang='lat' dir='ltr'><strong>pro</strong></span> <span class='ocrx_word' id='word_1_81' title='bbox 949 948 995 966; x_wconf 87' lang='lat' dir='ltr'><strong>sa-</strong></span> 
     </span>
     <span class='ocr_line' id='line_1_15' title="bbox 303 979 995 1018; baseline 0.001 -10"><span class='ocrx_word' id='word_1_82' title='bbox 303 979 366 1009; x_wconf 87' lang='lat' dir='ltr'><strong>lute</strong></span> <span class='ocrx_word' id='word_1_83' title='bbox 379 981 504 1010; x_wconf 85' lang='lat' dir='ltr'><strong>aliorum</strong></span> <span class='ocrx_word' id='word_1_84' title='bbox 521 981 623 1009; x_wconf 91' lang='lat' dir='ltr'><strong>urbem</strong></span> <span class='ocrx_word' id='word_1_85' title='bbox 635 990 718 1009; x_wconf 87' lang='lat' dir='ltr'><strong>suam</strong></span> <span class='ocrx_word' id='word_1_86' title='bbox 733 980 929 1018; x_wconf 87' lang='lat' dir='ltr'><strong>reliquerunt,</strong></span> <span class='ocrx_word' id='word_1_87' title='bbox 941 981 995 1009; x_wconf 88' lang='lat' dir='ltr'><strong>de-</strong></span> 
     </span>
     <span class='ocr_line' id='line_1_16' title="bbox 305 1023 995 1062; baseline -0.001 -10"><span class='ocrx_word' id='word_1_88' title='bbox 305 1023 394 1062; x_wconf 89' lang='lat' dir='ltr'><strong>nique</strong></span> <span class='ocrx_word' id='word_1_89' title='bbox 420 1023 470 1061; x_wconf 88' lang='lat' dir='ltr'><strong>qui</strong></span> <span class='ocrx_word' id='word_1_90' title='bbox 494 1023 622 1061; x_wconf 81' lang='lat' dir='ltr'><strong>antiquis</strong></span> <span class='ocrx_word' id='word_1_91' title='bbox 647 1023 831 1061; x_wconf 83' lang='lat' dir='ltr'><strong>temporibus</strong></span> <span class='ocrx_word' id='word_1_92' title='bbox 851 1023 995 1062; x_wconf 87' lang='lat' dir='ltr'><strong>plurimas</strong></span> 
     </span>
     <span class='ocr_line' id='line_1_17' title="bbox 304 1065 995 1103; baseline -0.001 -8"><span class='ocrx_word' id='word_1_93' title='bbox 304 1067 394 1095; x_wconf 85' lang='lat' dir='ltr'><strong>urbes</strong></span> <span class='ocrx_word' id='word_1_94' title='bbox 414 1065 623 1100; x_wconf 87' lang='lat' dir='ltr'><strong>condiderunt,</strong></span> <span class='ocrx_word' id='word_1_95' title='bbox 639 1075 748 1103; x_wconf 81' lang='lat' dir='ltr'><strong>easque</strong></span> <span class='ocrx_word' id='word_1_96' title='bbox 761 1065 900 1094; x_wconf 82' lang='lat' dir='ltr'><strong>maximis</strong></span> <span class='ocrx_word' id='word_1_97' title='bbox 916 1066 995 1103; x_wconf 89' lang='lat' dir='ltr'><strong>peri·</strong></span> 
     </span>
     <span class='ocr_line' id='line_1_18' title="bbox 305 1107 995 1146; baseline -0.001 -9"><span class='ocrx_word' id='word_1_98' title='bbox 305 1108 382 1138; x_wconf 88' lang='lat' dir='ltr'><strong>culis</strong></span> <span class='ocrx_word' id='word_1_99' title='bbox 395 1108 568 1143; x_wconf 85' lang='lat' dir='ltr'><strong>liberarunt,</strong></span> <span class='ocrx_word' id='word_1_100' title='bbox 581 1117 676 1136; x_wconf 87' lang='lat' dir='ltr'><strong>nonne</strong></span> <span class='ocrx_word' id='word_1_101' title='bbox 688 1118 805 1146; x_wconf 81' lang='lat' dir='ltr'><strong>aequnm</strong></span> <span class='ocrx_word' id='word_1_102' title='bbox 823 1112 880 1141; x_wconf 82' lang='lat' dir='ltr'><strong>est,</strong></span> <span class='ocrx_word' id='word_1_103' title='bbox 898 1117 950 1136; x_wconf 88' lang='lat' dir='ltr'><strong>eos</strong></span> <span class='ocrx_word' id='word_1_104' title='bbox 966 1107 995 1136; x_wconf 89' lang='lat' dir='ltr'><strong>iu</strong></span> 
     </span>
     <span class='ocr_line' id='line_1_19' title="bbox 305 1149 994 1188; baseline -0.003 -8"><span class='ocrx_word' id='word_1_105' title='bbox 305 1151 385 1180; x_wconf 88' lang='lat' dir='ltr'><strong>bello</strong></span> <span class='ocrx_word' id='word_1_106' title='bbox 395 1155 498 1180; x_wconf 80' lang='lat' dir='ltr'><strong>contra</strong></span> <span class='ocrx_word' id='word_1_107' title='bbox 506 1152 646 1179; x_wconf 87' lang='lat' dir='ltr'><strong>barbaros</strong></span> <span class='ocrx_word' id='word_1_108' title='bbox 658 1150 859 1188; x_wconf 88' lang='lat' dir='ltr'><strong>begemoniam</strong></span> <span class='ocrx_word' id='word_1_109' title='bbox 868 1149 994 1179; x_wconf 84' lang='lat' dir='ltr'><strong>habere?</strong></span> 
     </span>
     <span class='ocr_line' id='line_1_20' title="bbox 303 1192 995 1233; baseline -0.001 -11"><span class='ocrx_word' id='word_1_110' title='bbox 303 1192 395 1233; x_wconf 61' lang='grc' dir='ltr'>(κδ’.)</span> <span class='ocrx_word' id='word_1_111' title='bbox 426 1193 501 1222; x_wconf 87' lang='lat' dir='ltr'><strong>Sunt</strong></span> <span class='ocrx_word' id='word_1_112' title='bbox 529 1193 660 1231; x_wconf 88' lang='lat' dir='ltr'><strong>quidem,</strong></span> <span class='ocrx_word' id='word_1_113' title='bbox 689 1192 740 1231; x_wconf 91' lang='lat' dir='ltr'><strong>qui</strong></span> <span class='ocrx_word' id='word_1_114' title='bbox 763 1203 827 1228; x_wconf 84' lang='lat' dir='ltr'><strong>nos,</strong></span> <span class='ocrx_word' id='word_1_115' title='bbox 853 1197 995 1233; x_wconf 87' lang='lat' dir='ltr'><strong>suscepto</strong></span> 
     </span>
     <span class='ocr_line' id='line_1_21' title="bbox 305 1235 995 1274; baseline -0.001 -9"><span class='ocrx_word' id='word_1_116' title='bbox 305 1236 394 1265; x_wconf 90' lang='lat' dir='ltr'><strong>maris</strong></span> <span class='ocrx_word' id='word_1_117' title='bbox 406 1235 543 1274; x_wconf 87' lang='lat' dir='ltr'><strong>imperio,</strong></span> <span class='ocrx_word' id='word_1_118' title='bbox 559 1235 770 1264; x_wconf 88' lang='lat' dir='ltr'><strong>maleficiorum</strong></span> <span class='ocrx_word' id='word_1_119' title='bbox 786 1235 816 1264; x_wconf 91' lang='lat' dir='ltr'><strong>in</strong></span> <span class='ocrx_word' id='word_1_120' title='bbox 832 1235 931 1265; x_wconf 87' lang='lat' dir='ltr'><strong>socios</strong></span> <span class='ocrx_word' id='word_1_121' title='bbox 946 1245 995 1264; x_wconf 85' lang='lat' dir='ltr'><strong>ac-</strong></span> 
     </span>
     <span class='ocr_line' id='line_1_22' title="bbox 304 1277 994 1313; baseline 0 -6"><span class='ocrx_word' id='word_1_122' title='bbox 304 1284 420 1313; x_wconf 88' lang='lat' dir='ltr'><strong>cusent,</strong></span> <span class='ocrx_word' id='word_1_123' title='bbox 448 1278 503 1307; x_wconf 87' lang='lat' dir='ltr'><strong>sed</strong></span> <span class='ocrx_word' id='word_1_124' title='bbox 530 1277 798 1307; x_wconf 75' lang='lat' dir='ltr'><strong>animadvertimus</strong></span> <span class='ocrx_word' id='word_1_125' title='bbox 825 1282 937 1307; x_wconf 80' lang='lat' dir='ltr'><strong>tantum</strong></span> <span class='ocrx_word' id='word_1_126' title='bbox 964 1278 994 1307; x_wconf 93' lang='lat' dir='ltr'><strong>in</strong></span> 
     </span>
     <span class='ocr_line' id='line_1_23' title="bbox 304 1321 995 1359; baseline -0.001 -9"><span class='ocrx_word' id='word_1_127' title='bbox 304 1327 506 1355; x_wconf 87' lang='lat' dir='ltr'><strong>contumaces,</strong></span> <span class='ocrx_word' id='word_1_128' title='bbox 517 1321 595 1358; x_wconf 90' lang='lat' dir='ltr'><strong>quod</strong></span> <span class='ocrx_word' id='word_1_129' title='bbox 609 1321 640 1350; x_wconf 88' lang='lat' dir='ltr'><strong>in</strong></span> <span class='ocrx_word' id='word_1_130' title='bbox 654 1321 795 1359; x_wconf 81' lang='lat' dir='ltr'><strong>regundis</strong></span> <span class='ocrx_word' id='word_1_131' title='bbox 811 1325 855 1350; x_wconf 88' lang='lat' dir='ltr'><strong>tot</strong></span> <span class='ocrx_word' id='word_1_132' title='bbox 866 1321 995 1350; x_wconf 84' lang='lat' dir='ltr'><strong>civitati-</strong></span> 
     </span>
     <span class='ocr_line' id='line_1_24' title="bbox 307 1363 995 1402; baseline -0.001 -9"><span class='ocrx_word' id='word_1_133' title='bbox 307 1365 362 1393; x_wconf 81' lang='lat' dir='ltr'><strong>bus</strong></span> <span class='ocrx_word' id='word_1_134' title='bbox 372 1365 465 1394; x_wconf 85' lang='lat' dir='ltr'><strong>bonus</strong></span> <span class='ocrx_word' id='word_1_135' title='bbox 475 1364 548 1393; x_wconf 93' lang='lat' dir='ltr'><strong>ordo</strong></span> <span class='ocrx_word' id='word_1_136' title='bbox 557 1363 692 1401; x_wconf 73' lang='lat' dir='ltr'><strong>requirit,</strong></span> <span class='ocrx_word' id='word_1_137' title='bbox 701 1364 791 1402; x_wconf 89' lang='lat' dir='ltr'><strong>idque</strong></span> <span class='ocrx_word' id='word_1_138' title='bbox 800 1364 896 1392; x_wconf 88' lang='lat' dir='ltr'><strong>rarius</strong></span> <span class='ocrx_word' id='word_1_139' title='bbox 906 1363 995 1392; x_wconf 88' lang='lat' dir='ltr'><strong>etiam</strong></span> 
     </span>
     <span class='ocr_line' id='line_1_25' title="bbox 304 1406 996 1445; baseline -0.001 -9"><span class='ocrx_word' id='word_1_140' title='bbox 304 1417 392 1445; x_wconf 90' lang='lat' dir='ltr'><strong>quam</strong></span> <span class='ocrx_word' id='word_1_141' title='bbox 418 1407 474 1435; x_wconf 92' lang='lat' dir='ltr'><strong>sub</strong></span> <span class='ocrx_word' id='word_1_142' title='bbox 493 1406 789 1436; x_wconf 66' lang='lat' dir='ltr'><strong>Lacedaemoniorum</strong></span> <span class='ocrx_word' id='word_1_143' title='bbox 809 1406 935 1444; x_wconf 88' lang='lat' dir='ltr'><strong>imperio</strong></span> <span class='ocrx_word' id='word_1_144' title='bbox 955 1407 996 1436; x_wconf 79' lang='lat' dir='ltr'><strong>fa-</strong></span> 
     </span>
     <span class='ocr_line' id='line_1_26' title="bbox 303 1449 996 1484; baseline -0.003 -5"><span class='ocrx_word' id='word_1_145' title='bbox 303 1454 386 1479; x_wconf 89' lang='lat' dir='ltr'><strong>ctum</strong></span> <span class='ocrx_word' id='word_1_146' title='bbox 401 1454 460 1484; x_wconf 90' lang='lat' dir='ltr'><strong>est,</strong></span> <span class='ocrx_word' id='word_1_147' title='bbox 475 1450 617 1478; x_wconf 89' lang='lat' dir='ltr'><strong>bonarum</strong></span> <span class='ocrx_word' id='word_1_148' title='bbox 639 1453 738 1478; x_wconf 87' lang='lat' dir='ltr'><strong>autem</strong></span> <span class='ocrx_word' id='word_1_149' title='bbox 754 1449 910 1479; x_wconf 84' lang='lat' dir='ltr'><strong>civitatum</strong></span> <span class='ocrx_word' id='word_1_150' title='bbox 926 1459 996 1478; x_wconf 88' lang='lat' dir='ltr'><strong>cou-</strong></span> 
     </span>
     <span class='ocr_line' id='line_1_27' title="bbox 303 1491 995 1525; baseline -0.001 -4"><span class='ocrx_word' id='word_1_151' title='bbox 303 1492 416 1521; x_wconf 87' lang='lat' dir='ltr'><strong>cordiae</strong></span> <span class='ocrx_word' id='word_1_152' title='bbox 428 1497 459 1521; x_wconf 90' lang='lat' dir='ltr'><strong>et</strong></span> <span class='ocrx_word' id='word_1_153' title='bbox 470 1491 716 1525; x_wconf 85' lang='lat' dir='ltr'><strong>incrementis,ad</strong></span> <span class='ocrx_word' id='word_1_154' title='bbox 727 1492 850 1521; x_wconf 84' lang='lat' dir='ltr'><strong>eandem</strong></span> <span class='ocrx_word' id='word_1_155' title='bbox 863 1501 995 1521; x_wconf 84' lang='lat' dir='ltr'><strong>normam</strong></span> 
     </span>
     <span class='ocr_line' id='line_1_28' title="bbox 305 1534 995 1573; baseline -0.001 -9"><span class='ocrx_word' id='word_1_156' title='bbox 305 1545 407 1564; x_wconf 89' lang='lat' dir='ltr'><strong>omues</strong></span> <span class='ocrx_word' id='word_1_157' title='bbox 415 1535 560 1573; x_wconf 85' lang='lat' dir='ltr'><strong>regundo,</strong></span> <span class='ocrx_word' id='word_1_158' title='bbox 573 1534 663 1564; x_wconf 84' lang='lat' dir='ltr'><strong>sicuti</strong></span> <span class='ocrx_word' id='word_1_159' title='bbox 675 1545 745 1564; x_wconf 87' lang='lat' dir='ltr'><strong>vera</strong></span> <span class='ocrx_word' id='word_1_160' title='bbox 755 1534 883 1563; x_wconf 85' lang='lat' dir='ltr'><strong>societas</strong></span> <span class='ocrx_word' id='word_1_161' title='bbox 893 1540 995 1573; x_wconf 88' lang='lat' dir='ltr'><strong>postu-</strong></span> 
     </span>
     <span class='ocr_line' id='line_1_29' title="bbox 305 1575 996 1617; baseline 0 -11"><span class='ocrx_word' id='word_1_162' title='bbox 305 1578 358 1611; x_wconf 87' lang='lat' dir='ltr'><strong>lat,</strong></span> <span class='ocrx_word' id='word_1_163' title='bbox 373 1577 586 1607; x_wconf 86' lang='lat' dir='ltr'><strong>consuluimus.</strong></span> <span class='ocrx_word' id='word_1_164' title='bbox 602 1576 655 1617; x_wconf 87' lang='grc' dir='ltr'>(λ’.</span> <span class='ocrx_word' id='word_1_165' title='bbox 669 1575 743 1615; x_wconf 77' lang='grc' dir='ltr'>λα’.)</span> <span class='ocrx_word' id='word_1_166' title='bbox 764 1577 996 1606; x_wconf 82' lang='lat' dir='ltr'><strong>Introduximus</strong></span> 
     </span>
     <span class='ocr_line' id='line_1_30' title="bbox 305 1620 995 1660; baseline -0.001 -11"><span class='ocrx_word' id='word_1_167' title='bbox 305 1631 411 1660; x_wconf 85' lang='lat' dir='ltr'><strong>nempe</strong></span> <span class='ocrx_word' id='word_1_168' title='bbox 429 1620 538 1659; x_wconf 89' lang='lat' dir='ltr'><strong>ubique</strong></span> <span class='ocrx_word' id='word_1_169' title='bbox 564 1620 787 1654; x_wconf 82' lang='lat' dir='ltr'><strong>democratiam,</strong></span> <span class='ocrx_word' id='word_1_170' title='bbox 803 1630 869 1658; x_wconf 89' lang='lat' dir='ltr'><strong>quae</strong></span> <span class='ocrx_word' id='word_1_171' title='bbox 887 1620 995 1658; x_wconf 87' lang='lat' dir='ltr'><strong>justis-</strong></span> 
     </span>
     <span class='ocr_line' id='line_1_31' title="bbox 305 1662 996 1700; baseline -0.001 -8"><span class='ocrx_word' id='word_1_172' title='bbox 305 1663 380 1692; x_wconf 87' lang='lat' dir='ltr'><strong>sima</strong></span> <span class='ocrx_word' id='word_1_173' title='bbox 395 1668 437 1699; x_wconf 92' lang='lat' dir='ltr'><strong>et,</strong></span> <span class='ocrx_word' id='word_1_174' title='bbox 450 1669 481 1692; x_wconf 91' lang='lat' dir='ltr'><strong>ut</strong></span> <span class='ocrx_word' id='word_1_175' title='bbox 496 1667 628 1692; x_wconf 87' lang='lat' dir='ltr'><strong>nostrum</strong></span> <span class='ocrx_word' id='word_1_176' title='bbox 645 1662 817 1700; x_wconf 86' lang='lat' dir='ltr'><strong>exemplum</strong></span> <span class='ocrx_word' id='word_1_177' title='bbox 833 1663 932 1697; x_wconf 85' lang='lat' dir='ltr'><strong>docet,</strong></span> <span class='ocrx_word' id='word_1_178' title='bbox 949 1673 996 1691; x_wconf 85' lang='lat' dir='ltr'><strong>sa-</strong></span> 
     </span>
     <span class='ocr_line' id='line_1_32' title="bbox 304 1705 997 1743; baseline 0 -9"><span class='ocrx_word' id='word_1_179' title='bbox 304 1706 465 1735; x_wconf 86' lang='lat' dir='ltr'><strong>luberrima</strong></span> <span class='ocrx_word' id='word_1_180' title='bbox 478 1711 525 1734; x_wconf 89' lang='lat' dir='ltr'><strong>est</strong></span> <span class='ocrx_word' id='word_1_181' title='bbox 538 1705 713 1743; x_wconf 87' lang='lat' dir='ltr'><strong>reipublicae</strong></span> <span class='ocrx_word' id='word_1_182' title='bbox 729 1705 834 1739; x_wconf 84' lang='lat' dir='ltr'><strong>forma,</strong></span> <span class='ocrx_word' id='word_1_183' title='bbox 847 1715 901 1734; x_wconf 85' lang='lat' dir='ltr'><strong>nec</strong></span> <span class='ocrx_word' id='word_1_184' title='bbox 918 1705 997 1734; x_wconf 84' lang='lat' dir='ltr'><strong>vitu·</strong></span> 
     </span>
     <span class='ocr_line' id='line_1_33' title="bbox 305 1748 996 1787; baseline -0.001 -10"><span class='ocrx_word' id='word_1_185' title='bbox 305 1748 401 1787; x_wconf 86' lang='lat' dir='ltr'><strong>perari</strong></span> <span class='ocrx_word' id='word_1_186' title='bbox 418 1758 577 1783; x_wconf 89' lang='lat' dir='ltr'><strong>meremur,</strong></span> <span class='ocrx_word' id='word_1_187' title='bbox 593 1748 674 1787; x_wconf 90' lang='lat' dir='ltr'><strong>quod</strong></span> <span class='ocrx_word' id='word_1_188' title='bbox 695 1748 840 1777; x_wconf 85' lang='lat' dir='ltr'><strong>custodiae</strong></span> <span class='ocrx_word' id='word_1_189' title='bbox 861 1748 996 1777; x_wconf 88' lang='lat' dir='ltr'><strong>locorum</strong></span> 
     </span>
     <span class='ocr_line' id='line_1_34' title="bbox 304 1790 995 1820; baseline -0.001 0"><span class='ocrx_word' id='word_1_190' title='bbox 304 1801 396 1820; x_wconf 84' lang='lat' dir='ltr'><strong>causa</strong></span> <span class='ocrx_word' id='word_1_191' title='bbox 409 1791 440 1820; x_wconf 88' lang='lat' dir='ltr'><strong>in</strong></span> <span class='ocrx_word' id='word_1_192' title='bbox 459 1791 594 1820; x_wconf 83' lang='lat' dir='ltr'><strong>desertas</strong></span> <span class='ocrx_word' id='word_1_193' title='bbox 611 1792 698 1820; x_wconf 91' lang='lat' dir='ltr'><strong>urbes</strong></span> <span class='ocrx_word' id='word_1_194' title='bbox 719 1790 851 1820; x_wconf 84' lang='lat' dir='ltr'><strong>colonias</strong></span> <span class='ocrx_word' id='word_1_195' title='bbox 867 1791 995 1820; x_wconf 86' lang='lat' dir='ltr'><strong>deduxi-</strong></span> 
     </span>
     <span class='ocr_line' id='line_1_35' title="bbox 305 1833 997 1872; baseline 0 -10"><span class='ocrx_word' id='word_1_196' title='bbox 305 1844 382 1869; x_wconf 87' lang='lat' dir='ltr'><strong>mus,</strong></span> <span class='ocrx_word' id='word_1_197' title='bbox 397 1844 455 1862; x_wconf 87' lang='lat' dir='ltr'><strong>uon</strong></span> <span class='ocrx_word' id='word_1_198' title='bbox 480 1833 619 1872; x_wconf 82' lang='lat' dir='ltr'><strong>permoti,</strong></span> <span class='ocrx_word' id='word_1_199' title='bbox 640 1839 671 1862; x_wconf 91' lang='lat' dir='ltr'><strong>ut</strong></span> <span class='ocrx_word' id='word_1_200' title='bbox 693 1833 744 1863; x_wconf 85' lang='lat' dir='ltr'><strong>isti</strong></span> <span class='ocrx_word' id='word_1_201' title='bbox 769 1834 937 1872; x_wconf 86' lang='lat' dir='ltr'><strong>opinantur,</strong></span> <span class='ocrx_word' id='word_1_202' title='bbox 953 1834 997 1863; x_wconf 83' lang='lat' dir='ltr'><strong>in-</strong></span> 
     </span>
     <span class='ocr_line' id='line_1_36' title="bbox 299 1876 996 1915; baseline 0.001 -10"><span class='ocrx_word' id='word_1_203' title='bbox 299 1878 385 1915; x_wconf 87' lang='lat' dir='ltr'><strong>justa</strong></span> <span class='ocrx_word' id='word_1_204' title='bbox 398 1876 526 1906; x_wconf 86' lang='lat' dir='ltr'><strong>habendi</strong></span> <span class='ocrx_word' id='word_1_205' title='bbox 541 1876 719 1915; x_wconf 84' lang='lat' dir='ltr'><strong>cupiditate,</strong></span> <span class='ocrx_word' id='word_1_206' title='bbox 734 1886 750 1905; x_wconf 92' lang='lat' dir='ltr'><strong>a</strong></span> <span class='ocrx_word' id='word_1_207' title='bbox 765 1886 824 1914; x_wconf 82' lang='lat' dir='ltr'><strong>qua</strong></span> <span class='ocrx_word' id='word_1_208' title='bbox 839 1881 897 1905; x_wconf 88' lang='lat' dir='ltr'><strong>tam</strong></span> <span class='ocrx_word' id='word_1_209' title='bbox 908 1876 996 1914; x_wconf 86' lang='lat' dir='ltr'><strong>longe</strong></span> 
     </span>
     <span class='ocr_line' id='line_1_37' title="bbox 305 1919 995 1957; baseline -0.001 -9"><span class='ocrx_word' id='word_1_210' title='bbox 305 1919 413 1948; x_wconf 82' lang='lat' dir='ltr'><strong>remoti</strong></span> <span class='ocrx_word' id='word_1_211' title='bbox 438 1929 551 1954; x_wconf 88' lang='lat' dir='ltr'><strong>sumus,</strong></span> <span class='ocrx_word' id='word_1_212' title='bbox 577 1923 609 1948; x_wconf 90' lang='lat' dir='ltr'><strong>ut</strong></span> <span class='ocrx_word' id='word_1_213' title='bbox 634 1930 670 1949; x_wconf 86' lang='lat' dir='ltr'><strong>ne</strong></span> <span class='ocrx_word' id='word_1_214' title='bbox 692 1919 834 1948; x_wconf 69' lang='lat' dir='ltr'><strong>Euboeam</strong></span> <span class='ocrx_word' id='word_1_215' title='bbox 863 1919 995 1957; x_wconf 86' lang='lat' dir='ltr'><strong>quidem,</strong></span> 
     </span>
     <span class='ocr_line' id='line_1_38' title="bbox 304 1961 996 2002; baseline -0.001 -11"><span class='ocrx_word' id='word_1_216' title='bbox 304 1962 394 1991; x_wconf 87' lang='lat' dir='ltr'><strong>nobis</strong></span> <span class='ocrx_word' id='word_1_217' title='bbox 407 1962 616 2002; x_wconf 82' lang='lat' dir='ltr'><strong>percommode</strong></span> <span class='ocrx_word' id='word_1_218' title='bbox 628 1962 728 1996; x_wconf 84' lang='lat' dir='ltr'><strong>sitam,</strong></span> <span class='ocrx_word' id='word_1_219' title='bbox 736 1961 996 1999; x_wconf 74' lang='lat' dir='ltr'><strong>occupaverimus.</strong></span> 
     </span>
     <span class='ocr_line' id='line_1_39' title="bbox 307 2004 996 2042; baseline 0.001 -9"><span class='ocrx_word' id='word_1_220' title='bbox 307 2006 414 2034; x_wconf 89' lang='lat' dir='ltr'><strong>Nonne</strong></span> <span class='ocrx_word' id='word_1_221' title='bbox 435 2004 637 2035; x_wconf 82' lang='lat' dir='ltr'><strong>Scionaeorum</strong></span> <span class='ocrx_word' id='word_1_222' title='bbox 655 2014 759 2042; x_wconf 85' lang='lat' dir='ltr'><strong>agrum</strong></span> <span class='ocrx_word' id='word_1_223' title='bbox 780 2005 996 2034; x_wconf 83' lang='lat' dir='ltr'><strong>Plataeensibus</strong></span> 
     </span>
    </p>
   </div>
   <div class='ocr_carea' id='block_1_4' title="bbox 1028 554 1725 2044">
    <p class='ocr_par' dir='ltr' id='par_1_4' title="bbox 1028 554 1725 2044">
     <span class='ocr_line' id='line_1_40' title="bbox 1031 554 1725 592; baseline 0.001 -8"><span class='ocrx_word' id='word_1_224' title='bbox 1031 565 1097 584; x_wconf 87' lang='lat' dir='ltr'><strong>rum</strong></span> <span class='ocrx_word' id='word_1_225' title='bbox 1119 565 1186 591; x_wconf 88' lang='lat' dir='ltr'><strong>rex,</strong></span> <span class='ocrx_word' id='word_1_226' title='bbox 1201 556 1255 584; x_wconf 88' lang='lat' dir='ltr'><strong>sub</strong></span> <span class='ocrx_word' id='word_1_227' title='bbox 1278 560 1380 584; x_wconf 87' lang='lat' dir='ltr'><strong>nostro</strong></span> <span class='ocrx_word' id='word_1_228' title='bbox 1398 554 1525 592; x_wconf 88' lang='lat' dir='ltr'><strong>imperio</strong></span> <span class='ocrx_word' id='word_1_229' title='bbox 1548 555 1628 585; x_wconf 85' lang='lat' dir='ltr'><strong>iutra</strong></span> <span class='ocrx_word' id='word_1_230' title='bbox 1651 555 1725 585; x_wconf 78' lang='lat' dir='ltr'><strong>fines</strong></span> 
     </span>
     <span class='ocr_line' id='line_1_41' title="bbox 1031 597 1725 636; baseline -0.001 -9"><span class='ocrx_word' id='word_1_231' title='bbox 1031 608 1101 627; x_wconf 89' lang='lat' dir='ltr'><strong>suos</strong></span> <span class='ocrx_word' id='word_1_232' title='bbox 1114 608 1283 636; x_wconf 85' lang='lat' dir='ltr'><strong>repressus,</strong></span> <span class='ocrx_word' id='word_1_233' title='bbox 1298 597 1358 626; x_wconf 92' lang='lat' dir='ltr'><strong>imo</strong></span> <span class='ocrx_word' id='word_1_234' title='bbox 1374 598 1488 627; x_wconf 86' lang='lat' dir='ltr'><strong>tributa</strong></span> <span class='ocrx_word' id='word_1_235' title='bbox 1504 597 1575 628; x_wconf 83' lang='lat' dir='ltr'><strong>dare</strong></span> <span class='ocrx_word' id='word_1_236' title='bbox 1591 603 1725 632; x_wconf 87' lang='lat' dir='ltr'><strong>coactus,</strong></span> 
     </span>
     <span class='ocr_line' id='line_1_42' title="bbox 1031 639 1724 678; baseline 0 -9"><span class='ocrx_word' id='word_1_237' title='bbox 1031 650 1048 669; x_wconf 88' lang='lat' dir='ltr'><strong>e</strong></span> <span class='ocrx_word' id='word_1_238' title='bbox 1060 641 1357 670; x_wconf 79' lang='lat' dir='ltr'><strong>Lacedaemoniorum</strong></span> <span class='ocrx_word' id='word_1_239' title='bbox 1372 639 1470 678; x_wconf 84' lang='lat' dir='ltr'><strong>pactis</strong></span> <span class='ocrx_word' id='word_1_240' title='bbox 1489 649 1586 668; x_wconf 87' lang='lat' dir='ltr'><strong>rerum</strong></span> <span class='ocrx_word' id='word_1_241' title='bbox 1603 641 1724 669; x_wconf 81' lang='lat' dir='ltr'><strong>Graeca-</strong></span> 
     </span>
     <span class='ocr_line' id='line_1_43' title="bbox 1031 682 1725 721; baseline 0 -10"><span class='ocrx_word' id='word_1_242' title='bbox 1031 693 1095 711; x_wconf 88' lang='lat' dir='ltr'><strong>rum</strong></span> <span class='ocrx_word' id='word_1_243' title='bbox 1116 682 1229 712; x_wconf 83' lang='lat' dir='ltr'><strong>arbiter</strong></span> <span class='ocrx_word' id='word_1_244' title='bbox 1244 688 1301 718; x_wconf 88' lang='lat' dir='ltr'><strong>est,</strong></span> <span class='ocrx_word' id='word_1_245' title='bbox 1323 683 1490 721; x_wconf 83' lang='lat' dir='ltr'><strong>multasque</strong></span> <span class='ocrx_word' id='word_1_246' title='bbox 1506 682 1634 711; x_wconf 83' lang='lat' dir='ltr'><strong>Graeciae</strong></span> <span class='ocrx_word' id='word_1_247' title='bbox 1648 683 1725 711; x_wconf 82' lang='lat' dir='ltr'><strong>civi-</strong></span> 
     </span>
     <span class='ocr_line' id='line_1_44' title="bbox 1030 724 1724 764; baseline 0 -10"><span class='ocrx_word' id='word_1_248' title='bbox 1030 729 1109 754; x_wconf 83' lang='lat' dir='ltr'><strong>tates</strong></span> <span class='ocrx_word' id='word_1_249' title='bbox 1123 725 1152 754; x_wconf 92' lang='lat' dir='ltr'><strong>in</strong></span> <span class='ocrx_word' id='word_1_250' title='bbox 1176 725 1318 754; x_wconf 77' lang='lat' dir='ltr'><strong>ditionem</strong></span> <span class='ocrx_word' id='word_1_251' title='bbox 1334 725 1465 764; x_wconf 83' lang='lat' dir='ltr'><strong>accepit,</strong></span> <span class='ocrx_word' id='word_1_252' title='bbox 1481 734 1606 763; x_wconf 87' lang='lat' dir='ltr'><strong>quarum</strong></span> <span class='ocrx_word' id='word_1_253' title='bbox 1621 724 1724 754; x_wconf 87' lang='lat' dir='ltr'><strong>condi-</strong></span> 
     </span>
     <span class='ocr_line' id='line_1_45' title="bbox 1032 767 1724 798; baseline 0 -2"><span class='ocrx_word' id='word_1_254' title='bbox 1032 767 1141 797; x_wconf 83' lang='lat' dir='ltr'><strong>tionem</strong></span> <span class='ocrx_word' id='word_1_255' title='bbox 1158 778 1314 797; x_wconf 87' lang='lat' dir='ltr'><strong>servorum</strong></span> <span class='ocrx_word' id='word_1_256' title='bbox 1327 767 1380 797; x_wconf 86' lang='lat' dir='ltr'><strong>illa</strong></span> <span class='ocrx_word' id='word_1_257' title='bbox 1392 767 1642 798; x_wconf 85' lang='lat' dir='ltr'><strong>miserabiliorem</strong></span> <span class='ocrx_word' id='word_1_258' title='bbox 1655 777 1724 797; x_wconf 85' lang='lat' dir='ltr'><strong>esse</strong></span> 
     </span>
     <span class='ocr_line' id='line_1_46' title="bbox 1031 809 1722 849; baseline -0.001 -10"><span class='ocrx_word' id='word_1_259' title='bbox 1031 810 1247 840; x_wconf 61' lang='lat' dir='ltr'><strong>Lacedaemonii</strong></span> <span class='ocrx_word' id='word_1_260' title='bbox 1277 810 1443 849; x_wconf 85' lang='lat' dir='ltr'><strong>patiuntur.</strong></span> <span class='ocrx_word' id='word_1_261' title='bbox 1476 809 1562 849; x_wconf 88' lang='grc' dir='ltr'>(λε’.)</span> <span class='ocrx_word' id='word_1_262' title='bbox 1601 810 1722 840; x_wconf 81' lang='lat' dir='ltr'><strong>Etenim</strong></span> 
     </span>
     <span class='ocr_line' id='line_1_47' title="bbox 1030 851 1724 892; baseline -0.001 -10"><span class='ocrx_word' id='word_1_263' title='bbox 1030 858 1111 882; x_wconf 83' lang='lat' dir='ltr'><strong>tanta</strong></span> <span class='ocrx_word' id='word_1_264' title='bbox 1123 853 1260 892; x_wconf 84' lang='lat' dir='ltr'><strong>potentia</strong></span> <span class='ocrx_word' id='word_1_265' title='bbox 1275 853 1393 891; x_wconf 87' lang='lat' dir='ltr'><strong>praediti</strong></span> <span class='ocrx_word' id='word_1_266' title='bbox 1409 857 1478 882; x_wconf 85' lang='lat' dir='ltr'><strong>suut</strong></span> <span class='ocrx_word' id='word_1_267' title='bbox 1493 851 1724 887; x_wconf 73' lang='lat' dir='ltr'><strong>Lacedaemonii,</strong></span> 
     </span>
     <span class='ocr_line' id='line_1_48' title="bbox 1029 894 1723 933; baseline 0 -9"><span class='ocrx_word' id='word_1_268' title='bbox 1029 900 1061 925; x_wconf 91' lang='lat' dir='ltr'><strong>ut</strong></span> <span class='ocrx_word' id='word_1_269' title='bbox 1085 896 1185 925; x_wconf 88' lang='lat' dir='ltr'><strong>socios</strong></span> <span class='ocrx_word' id='word_1_270' title='bbox 1211 895 1300 925; x_wconf 86' lang='lat' dir='ltr'><strong>facile</strong></span> <span class='ocrx_word' id='word_1_271' title='bbox 1327 896 1457 925; x_wconf 88' lang='lat' dir='ltr'><strong>liberare</strong></span> <span class='ocrx_word' id='word_1_272' title='bbox 1483 900 1617 933; x_wconf 76' lang='lat' dir='ltr'><strong>possent,</strong></span> <span class='ocrx_word' id='word_1_273' title='bbox 1640 894 1723 933; x_wconf 78' lang='lat' dir='ltr'><strong>quod</strong></span> 
     </span>
     <span class='ocr_line' id='line_1_49' title="bbox 1030 937 1723 973; baseline 0 -7"><span class='ocrx_word' id='word_1_274' title='bbox 1030 944 1142 967; x_wconf 88' lang='lat' dir='ltr'><strong>tautum</strong></span> <span class='ocrx_word' id='word_1_275' title='bbox 1157 939 1241 967; x_wconf 87' lang='lat' dir='ltr'><strong>abest</strong></span> <span class='ocrx_word' id='word_1_276' title='bbox 1260 944 1293 968; x_wconf 87' lang='lat' dir='ltr'><strong>ut</strong></span> <span class='ocrx_word' id='word_1_277' title='bbox 1316 938 1436 973; x_wconf 75' lang='lat' dir='ltr'><strong>saciant,</strong></span> <span class='ocrx_word' id='word_1_278' title='bbox 1460 943 1502 972; x_wconf 87' lang='lat' dir='ltr'><strong>ut,</strong></span> <span class='ocrx_word' id='word_1_279' title='bbox 1523 937 1612 967; x_wconf 83' lang='lat' dir='ltr'><strong>etiam</strong></span> <span class='ocrx_word' id='word_1_280' title='bbox 1628 937 1723 967; x_wconf 78' lang='lat' dir='ltr'><strong>servi-</strong></span> 
     </span>
     <span class='ocr_line' id='line_1_50' title="bbox 1029 981 1722 1018; baseline 0 -9"><span class='ocrx_word' id='word_1_281' title='bbox 1029 985 1092 1010; x_wconf 84' lang='lat' dir='ltr'><strong>tute</strong></span> <span class='ocrx_word' id='word_1_282' title='bbox 1108 982 1256 1010; x_wconf 81' lang='lat' dir='ltr'><strong>sociorum</strong></span> <span class='ocrx_word' id='word_1_283' title='bbox 1274 981 1352 1010; x_wconf 87' lang='lat' dir='ltr'><strong>vires</strong></span> <span class='ocrx_word' id='word_1_284' title='bbox 1367 982 1558 1010; x_wconf 85' lang='lat' dir='ltr'><strong>barbarorum</strong></span> <span class='ocrx_word' id='word_1_285' title='bbox 1581 984 1722 1018; x_wconf 76' lang='lat' dir='ltr'><strong>augeant,</strong></span> 
     </span>
     <span class='ocr_line' id='line_1_51' title="bbox 1028 1023 1722 1061; baseline -0.001 -9"><span class='ocrx_word' id='word_1_286' title='bbox 1028 1033 1096 1052; x_wconf 81' lang='lat' dir='ltr'><strong>curn</strong></span> <span class='ocrx_word' id='word_1_287' title='bbox 1110 1024 1225 1053; x_wconf 88' lang='lat' dir='ltr'><strong>Graecis</strong></span> <span class='ocrx_word' id='word_1_288' title='bbox 1245 1023 1378 1061; x_wconf 86' lang='lat' dir='ltr'><strong>quotidie</strong></span> <span class='ocrx_word' id='word_1_289' title='bbox 1392 1023 1469 1052; x_wconf 87' lang='lat' dir='ltr'><strong>bella</strong></span> <span class='ocrx_word' id='word_1_290' title='bbox 1484 1028 1591 1061; x_wconf 85' lang='lat' dir='ltr'><strong>gerant</strong></span> <span class='ocrx_word' id='word_1_291' title='bbox 1605 1028 1636 1051; x_wconf 88' lang='lat' dir='ltr'><strong>et</strong></span> <span class='ocrx_word' id='word_1_292' title='bbox 1652 1033 1722 1051; x_wconf 88' lang='lat' dir='ltr'><strong>cum</strong></span> 
     </span>
     <span class='ocr_line' id='line_1_52' title="bbox 1029 1065 1721 1104; baseline 0 -11"><span class='ocrx_word' id='word_1_293' title='bbox 1029 1066 1162 1095; x_wconf 81' lang='lat' dir='ltr'><strong>barbaris</strong></span> <span class='ocrx_word' id='word_1_294' title='bbox 1196 1067 1370 1095; x_wconf 82' lang='lat' dir='ltr'><strong>societatem</strong></span> <span class='ocrx_word' id='word_1_295' title='bbox 1401 1070 1580 1104; x_wconf 85' lang='lat' dir='ltr'><strong>perpetuam</strong></span> <span class='ocrx_word' id='word_1_296' title='bbox 1608 1065 1721 1096; x_wconf 84' lang='lat' dir='ltr'><strong>ineant.</strong></span> 
     </span>
     <span class='ocr_line' id='line_1_53' title="bbox 1029 1106 1723 1147; baseline 0 -11"><span class='ocrx_word' id='word_1_297' title='bbox 1029 1106 1122 1147; x_wconf 75' lang='grc' dir='ltr'>(λς’.)</span> <span class='ocrx_word' id='word_1_298' title='bbox 1145 1110 1220 1146; x_wconf 85' lang='lat' dir='ltr'><strong>Quae</strong></span> <span class='ocrx_word' id='word_1_299' title='bbox 1232 1109 1370 1147; x_wconf 89' lang='lat' dir='ltr'><strong>asperius</strong></span> <span class='ocrx_word' id='word_1_300' title='bbox 1385 1117 1403 1136; x_wconf 82' lang='lat' dir='ltr'><strong>a</strong></span> <span class='ocrx_word' id='word_1_301' title='bbox 1417 1117 1464 1137; x_wconf 87' lang='lat' dir='ltr'><strong>me</strong></span> <span class='ocrx_word' id='word_1_302' title='bbox 1473 1107 1555 1137; x_wconf 87' lang='lat' dir='ltr'><strong>dicta</strong></span> <span class='ocrx_word' id='word_1_303' title='bbox 1570 1113 1649 1142; x_wconf 87' lang='lat' dir='ltr'><strong>suut,</strong></span> <span class='ocrx_word' id='word_1_304' title='bbox 1663 1117 1723 1137; x_wconf 88' lang='lat' dir='ltr'><strong>non</strong></span> 
     </span>
     <span class='ocr_line' id='line_1_54' title="bbox 1029 1149 1723 1188; baseline -0.001 -8"><span class='ocrx_word' id='word_1_305' title='bbox 1029 1160 1088 1188; x_wconf 92' lang='lat' dir='ltr'><strong>quo</strong></span> <span class='ocrx_word' id='word_1_306' title='bbox 1114 1151 1359 1180; x_wconf 86' lang='lat' dir='ltr'><strong>Lacedaemonios</strong></span> <span class='ocrx_word' id='word_1_307' title='bbox 1380 1150 1409 1179; x_wconf 93' lang='lat' dir='ltr'><strong>in</strong></span> <span class='ocrx_word' id='word_1_308' title='bbox 1435 1150 1537 1180; x_wconf 89' lang='lat' dir='ltr'><strong>odium</strong></span> <span class='ocrx_word' id='word_1_309' title='bbox 1564 1149 1723 1185; x_wconf 73' lang='lat' dir='ltr'><strong>adducam,</strong></span> 
     </span>
     <span class='ocr_line' id='line_1_55' title="bbox 1029 1192 1722 1231; baseline 0.001 -10"><span class='ocrx_word' id='word_1_310' title='bbox 1029 1193 1083 1221; x_wconf 89' lang='lat' dir='ltr'><strong>sed</strong></span> <span class='ocrx_word' id='word_1_311' title='bbox 1099 1197 1239 1231; x_wconf 90' lang='lat' dir='ltr'><strong>quantum</strong></span> <span class='ocrx_word' id='word_1_312' title='bbox 1254 1193 1316 1223; x_wconf 85' lang='lat' dir='ltr'><strong>fieri</strong></span> <span class='ocrx_word' id='word_1_313' title='bbox 1332 1193 1441 1231; x_wconf 87' lang='lat' dir='ltr'><strong>possit,</strong></span> <span class='ocrx_word' id='word_1_314' title='bbox 1456 1193 1493 1222; x_wconf 90' lang='lat' dir='ltr'><strong>ab</strong></span> <span class='ocrx_word' id='word_1_315' title='bbox 1508 1192 1567 1222; x_wconf 90' lang='lat' dir='ltr'><strong>isto</strong></span> <span class='ocrx_word' id='word_1_316' title='bbox 1583 1192 1722 1222; x_wconf 83' lang='lat' dir='ltr'><strong>instituto</strong></span> 
     </span>
     <span class='ocr_line' id='line_1_56' title="bbox 1029 1235 1722 1274; baseline 0 -10"><span class='ocrx_word' id='word_1_317' title='bbox 1029 1236 1172 1265; x_wconf 83' lang='lat' dir='ltr'><strong>abducam</strong></span> <span class='ocrx_word' id='word_1_318' title='bbox 1186 1246 1193 1272; x_wconf 89' lang='lat'>;</span> <span class='ocrx_word' id='word_1_319' title='bbox 1215 1246 1274 1274; x_wconf 90' lang='lat' dir='ltr'><strong>quo</strong></span> <span class='ocrx_word' id='word_1_320' title='bbox 1287 1237 1387 1265; x_wconf 87' lang='lat' dir='ltr'><strong>animo</strong></span> <span class='ocrx_word' id='word_1_321' title='bbox 1401 1236 1476 1265; x_wconf 90' lang='lat' dir='ltr'><strong>illud</strong></span> <span class='ocrx_word' id='word_1_322' title='bbox 1495 1236 1584 1266; x_wconf 85' lang='lat' dir='ltr'><strong>etiam</strong></span> <span class='ocrx_word' id='word_1_323' title='bbox 1600 1235 1722 1273; x_wconf 76' lang='lat' dir='ltr'><strong>adjicio,¹</strong></span> 
     </span>
     <span class='ocr_line' id='line_1_57' title="bbox 1029 1278 1722 1317; baseline 0 -10"><span class='ocrx_word' id='word_1_324' title='bbox 1029 1279 1108 1317; x_wconf 88' lang='lat' dir='ltr'><strong>quod</strong></span> <span class='ocrx_word' id='word_1_325' title='bbox 1118 1279 1259 1308; x_wconf 85' lang='lat' dir='ltr'><strong>finitimos</strong></span> <span class='ocrx_word' id='word_1_326' title='bbox 1270 1278 1386 1308; x_wconf 85' lang='lat' dir='ltr'><strong>civitati</strong></span> <span class='ocrx_word' id='word_1_327' title='bbox 1395 1289 1458 1308; x_wconf 86' lang='lat' dir='ltr'><strong>suae</strong></span> <span class='ocrx_word' id='word_1_328' title='bbox 1473 1278 1586 1307; x_wconf 87' lang='lat' dir='ltr'><strong>servire</strong></span> <span class='ocrx_word' id='word_1_329' title='bbox 1599 1283 1722 1317; x_wconf 87' lang='lat' dir='ltr'><strong>cogunt,</strong></span> 
     </span>
     <span class='ocr_line' id='line_1_58' title="bbox 1030 1321 1725 1351; baseline -0.001 -1"><span class='ocrx_word' id='word_1_330' title='bbox 1030 1322 1171 1351; x_wconf 83' lang='lat' dir='ltr'><strong>barbaros</strong></span> <span class='ocrx_word' id='word_1_331' title='bbox 1192 1322 1284 1351; x_wconf 82' lang='lat' dir='ltr'><strong>totius</strong></span> <span class='ocrx_word' id='word_1_332' title='bbox 1310 1321 1436 1351; x_wconf 83' lang='lat' dir='ltr'><strong>Graeciae</strong></span> <span class='ocrx_word' id='word_1_333' title='bbox 1457 1331 1563 1351; x_wconf 87' lang='lat' dir='ltr'><strong>servos</strong></span> <span class='ocrx_word' id='word_1_334' title='bbox 1586 1331 1644 1350; x_wconf 88' lang='lat' dir='ltr'><strong>non</strong></span> <span class='ocrx_word' id='word_1_335' title='bbox 1658 1321 1725 1350; x_wconf 79' lang='lat' dir='ltr'><strong>effi-</strong></span> 
     </span>
     <span class='ocr_line' id='line_1_59' title="bbox 1028 1363 1721 1403; baseline -0.001 -10"><span class='ocrx_word' id='word_1_336' title='bbox 1028 1364 1124 1399; x_wconf 90' lang='lat' dir='ltr'><strong>ciunt,</strong></span> <span class='ocrx_word' id='word_1_337' title='bbox 1148 1374 1296 1403; x_wconf 88' lang='lat' dir='ltr'><strong>pauperes</strong></span> <span class='ocrx_word' id='word_1_338' title='bbox 1331 1364 1484 1393; x_wconf 84' lang='lat' dir='ltr'><strong>insulanos</strong></span> <span class='ocrx_word' id='word_1_339' title='bbox 1512 1363 1721 1393; x_wconf 80' lang='lat' dir='ltr'><strong>exactionibus</strong></span> 
     </span>
     <span class='ocr_line' id='line_1_60' title="bbox 1029 1406 1721 1443; baseline 0 -7"><span class='ocrx_word' id='word_1_340' title='bbox 1029 1415 1152 1443; x_wconf 79' lang='lat' dir='ltr'><strong>vexant,</strong></span> <span class='ocrx_word' id='word_1_341' title='bbox 1170 1407 1299 1436; x_wconf 87' lang='lat' dir='ltr'><strong>Asianos</strong></span> <span class='ocrx_word' id='word_1_342' title='bbox 1314 1407 1344 1436; x_wconf 88' lang='lat' dir='ltr'><strong>in</strong></span> <span class='ocrx_word' id='word_1_343' title='bbox 1359 1406 1541 1436; x_wconf 84' lang='lat' dir='ltr'><strong>abundantia</strong></span> <span class='ocrx_word' id='word_1_344' title='bbox 1558 1406 1664 1436; x_wconf 88' lang='lat' dir='ltr'><strong>vivere</strong></span> <span class='ocrx_word' id='word_1_345' title='bbox 1679 1406 1721 1436; x_wconf 90' lang='lat' dir='ltr'><strong>si-</strong></span> 
     </span>
     <span class='ocr_line' id='line_1_61' title="bbox 1028 1448 1722 1489; baseline 0 -11"><span class='ocrx_word' id='word_1_346' title='bbox 1028 1455 1112 1479; x_wconf 88' lang='lat' dir='ltr'><strong>nunt.</strong></span> <span class='ocrx_word' id='word_1_347' title='bbox 1132 1448 1220 1489; x_wconf 69' lang='grc' dir='ltr'>(λζ.)</span> <span class='ocrx_word' id='word_1_348' title='bbox 1243 1450 1370 1488; x_wconf 89' lang='lat' dir='ltr'><strong>Utrique</strong></span> <span class='ocrx_word' id='word_1_349' title='bbox 1385 1455 1483 1478; x_wconf 86' lang='lat' dir='ltr'><strong>autem</strong></span> <span class='ocrx_word' id='word_1_350' title='bbox 1497 1448 1584 1478; x_wconf 87' lang='lat' dir='ltr'><strong>valde</strong></span> <span class='ocrx_word' id='word_1_351' title='bbox 1599 1449 1722 1478; x_wconf 91' lang='lat' dir='ltr'><strong>demen-</strong></span> 
     </span>
     <span class='ocr_line' id='line_1_62' title="bbox 1029 1491 1722 1530; baseline -0.001 -9"><span class='ocrx_word' id='word_1_352' title='bbox 1029 1496 1076 1521; x_wconf 83' lang='lat' dir='ltr'><strong>tes</strong></span> <span class='ocrx_word' id='word_1_353' title='bbox 1092 1503 1192 1522; x_wconf 88' lang='lat' dir='ltr'><strong>sumus</strong></span> <span class='ocrx_word' id='word_1_354' title='bbox 1207 1493 1238 1521; x_wconf 88' lang='lat' dir='ltr'><strong>in</strong></span> <span class='ocrx_word' id='word_1_355' title='bbox 1254 1502 1303 1527; x_wconf 88' lang='lat' dir='ltr'><strong>eo,</strong></span> <span class='ocrx_word' id='word_1_356' title='bbox 1323 1492 1400 1530; x_wconf 83' lang='lat' dir='ltr'><strong>quod</strong></span> <span class='ocrx_word' id='word_1_357' title='bbox 1418 1491 1540 1521; x_wconf 86' lang='lat' dir='ltr'><strong>omissis</strong></span> <span class='ocrx_word' id='word_1_358' title='bbox 1563 1491 1722 1527; x_wconf 76' lang='lat' dir='ltr'><strong>fructibus,</strong></span> 
     </span>
     <span class='ocr_line' id='line_1_63' title="bbox 1029 1534 1721 1575; baseline 0 -11"><span class='ocrx_word' id='word_1_359' title='bbox 1029 1545 1104 1573; x_wconf 89' lang='lat' dir='ltr'><strong>quos</strong></span> <span class='ocrx_word' id='word_1_360' title='bbox 1121 1546 1158 1565; x_wconf 88' lang='lat' dir='ltr'><strong>ex</strong></span> <span class='ocrx_word' id='word_1_361' title='bbox 1174 1535 1246 1564; x_wconf 77' lang='lat' dir='ltr'><strong>Asia</strong></span> <span class='ocrx_word' id='word_1_362' title='bbox 1256 1534 1540 1575; x_wconf 81' lang='lat' dir='ltr'><strong>percipereliceret,</strong></span> <span class='ocrx_word' id='word_1_363' title='bbox 1548 1544 1651 1572; x_wconf 87' lang='lat' dir='ltr'><strong>agrum</strong></span> <span class='ocrx_word' id='word_1_364' title='bbox 1667 1544 1721 1564; x_wconf 88' lang='lat' dir='ltr'><strong>uo-</strong></span> 
     </span>
     <span class='ocr_line' id='line_1_64' title="bbox 1030 1577 1721 1617; baseline 0 -11"><span class='ocrx_word' id='word_1_365' title='bbox 1030 1583 1121 1607; x_wconf 87' lang='lat' dir='ltr'><strong>strum</strong></span> <span class='ocrx_word' id='word_1_366' title='bbox 1139 1578 1329 1617; x_wconf 82' lang='lat' dir='ltr'><strong>populamur,</strong></span> <span class='ocrx_word' id='word_1_367' title='bbox 1352 1577 1516 1607; x_wconf 87' lang='lat' dir='ltr'><strong>seditiones</strong></span> <span class='ocrx_word' id='word_1_368' title='bbox 1530 1577 1560 1606; x_wconf 89' lang='lat' dir='ltr'><strong>in</strong></span> <span class='ocrx_word' id='word_1_369' title='bbox 1575 1577 1647 1606; x_wconf 83' lang='lat' dir='ltr'><strong>Asia</strong></span> <span class='ocrx_word' id='word_1_370' title='bbox 1663 1587 1721 1606; x_wconf 84' lang='lat' dir='ltr'><strong>non</strong></span> 
     </span>
     <span class='ocr_line' id='line_1_65' title="bbox 1028 1619 1720 1655; baseline 0 -6"><span class='ocrx_word' id='word_1_371' title='bbox 1028 1621 1117 1649; x_wconf 88' lang='lat' dir='ltr'><strong>modo</strong></span> <span class='ocrx_word' id='word_1_372' title='bbox 1134 1630 1190 1649; x_wconf 90' lang='lat' dir='ltr'><strong>uon</strong></span> <span class='ocrx_word' id='word_1_373' title='bbox 1206 1621 1383 1655; x_wconf 84' lang='lat' dir='ltr'><strong>excitamus,</strong></span> <span class='ocrx_word' id='word_1_374' title='bbox 1400 1620 1454 1649; x_wconf 83' lang='lat' dir='ltr'><strong>sed</strong></span> <span class='ocrx_word' id='word_1_375' title='bbox 1469 1619 1556 1649; x_wconf 88' lang='lat' dir='ltr'><strong>etiam</strong></span> <span class='ocrx_word' id='word_1_376' title='bbox 1574 1619 1720 1649; x_wconf 82' lang='lat' dir='ltr'><strong>tumultus</strong></span> 
     </span>
     <span class='ocr_line' id='line_1_66' title="bbox 1028 1663 1722 1702; baseline 0 -10"><span class='ocrx_word' id='word_1_377' title='bbox 1028 1663 1150 1692; x_wconf 86' lang='lat' dir='ltr'><strong>fortuito</strong></span> <span class='ocrx_word' id='word_1_378' title='bbox 1167 1669 1289 1693; x_wconf 80' lang='lat' dir='ltr'><strong>exortos</strong></span> <span class='ocrx_word' id='word_1_379' title='bbox 1304 1673 1486 1702; x_wconf 83' lang='lat' dir='ltr'><strong>componere</strong></span> <span class='ocrx_word' id='word_1_380' title='bbox 1497 1663 1666 1699; x_wconf 84' lang='lat' dir='ltr'><strong>studemus,</strong></span> <span class='ocrx_word' id='word_1_381' title='bbox 1677 1667 1722 1692; x_wconf 86' lang='lat' dir='ltr'><strong>at-</strong></span> 
     </span>
     <span class='ocr_line' id='line_1_67' title="bbox 1029 1705 1722 1745; baseline -0.001 -10"><span class='ocrx_word' id='word_1_382' title='bbox 1029 1716 1087 1745; x_wconf 90' lang='lat' dir='ltr'><strong>que</strong></span> <span class='ocrx_word' id='word_1_383' title='bbox 1111 1707 1181 1735; x_wconf 91' lang='lat' dir='ltr'><strong>dum</strong></span> <span class='ocrx_word' id='word_1_384' title='bbox 1203 1706 1241 1735; x_wconf 92' lang='lat' dir='ltr'><strong>de</strong></span> <span class='ocrx_word' id='word_1_385' title='bbox 1257 1706 1390 1735; x_wconf 88' lang='lat' dir='ltr'><strong>minutiis</strong></span> <span class='ocrx_word' id='word_1_386' title='bbox 1405 1705 1483 1735; x_wconf 87' lang='lat' dir='ltr'><strong>inter</strong></span> <span class='ocrx_word' id='word_1_387' title='bbox 1505 1715 1559 1734; x_wconf 88' lang='lat' dir='ltr'><strong>nos</strong></span> <span class='ocrx_word' id='word_1_388' title='bbox 1575 1705 1722 1741; x_wconf 85' lang='lat' dir='ltr'><strong>rixamur,</strong></span> 
     </span>
     <span class='ocr_line' id='line_1_68' title="bbox 1028 1748 1722 1787; baseline 0.004 -10"><span class='ocrx_word' id='word_1_389' title='bbox 1028 1758 1130 1787; x_wconf 86' lang='lat' dir='ltr'><strong>regem</strong></span> <span class='ocrx_word' id='word_1_390' title='bbox 1146 1749 1318 1783; x_wconf 77' lang='lat' dir='ltr'><strong>Persarum,</strong></span> <span class='ocrx_word' id='word_1_391' title='bbox 1334 1748 1384 1787; x_wconf 90' lang='lat' dir='ltr'><strong>qni</strong></span> <span class='ocrx_word' id='word_1_392' title='bbox 1404 1759 1458 1778; x_wconf 88' lang='lat' dir='ltr'><strong>nos</strong></span> <span class='ocrx_word' id='word_1_393' title='bbox 1473 1748 1590 1783; x_wconf 80' lang='lat' dir='ltr'><strong>irridet,</strong></span> <span class='ocrx_word' id='word_1_394' title='bbox 1604 1749 1722 1780; x_wconf 86' lang='lat' dir='ltr'><strong>viribus</strong></span> 
     </span>
     <span class='ocr_line' id='line_1_69' title="bbox 1029 1791 1722 1830; baseline 0.001 -9"><span class='ocrx_word' id='word_1_395' title='bbox 1029 1792 1140 1821; x_wconf 82' lang='lat' dir='ltr'><strong>nostris</strong></span> <span class='ocrx_word' id='word_1_396' title='bbox 1160 1792 1202 1821; x_wconf 89' lang='lat' dir='ltr'><strong>uti</strong></span> <span class='ocrx_word' id='word_1_397' title='bbox 1221 1792 1382 1830; x_wconf 85' lang='lat' dir='ltr'><strong>Asiamque</strong></span> <span class='ocrx_word' id='word_1_398' title='bbox 1397 1791 1480 1820; x_wconf 89' lang='lat' dir='ltr'><strong>illius</strong></span> <span class='ocrx_word' id='word_1_399' title='bbox 1499 1801 1564 1821; x_wconf 83' lang='lat' dir='ltr'><strong>esse</strong></span> <span class='ocrx_word' id='word_1_400' title='bbox 1581 1792 1722 1822; x_wconf 86' lang='lat' dir='ltr'><strong>concedi-</strong></span> 
     </span>
     <span class='ocr_line' id='line_1_70' title="bbox 1030 1834 1723 1870; baseline 0.003 -7"><span class='ocrx_word' id='word_1_401' title='bbox 1030 1845 1106 1870; x_wconf 88' lang='lat' dir='ltr'><strong>mus,</strong></span> <span class='ocrx_word' id='word_1_402' title='bbox 1120 1844 1176 1863; x_wconf 89' lang='lat' dir='ltr'><strong>non</strong></span> <span class='ocrx_word' id='word_1_403' title='bbox 1189 1834 1304 1864; x_wconf 85' lang='lat' dir='ltr'><strong>viribus</strong></span> <span class='ocrx_word' id='word_1_404' title='bbox 1318 1834 1426 1870; x_wconf 86' lang='lat' dir='ltr'><strong>coacti,</strong></span> <span class='ocrx_word' id='word_1_405' title='bbox 1440 1834 1494 1863; x_wconf 91' lang='lat' dir='ltr'><strong>sed</strong></span> <span class='ocrx_word' id='word_1_406' title='bbox 1507 1835 1657 1865; x_wconf 85' lang='lat' dir='ltr'><strong>dementia</strong></span> <span class='ocrx_word' id='word_1_407' title='bbox 1670 1846 1723 1865; x_wconf 89' lang='lat' dir='ltr'><strong>no·</strong></span> 
     </span>
     <span class='ocr_line' id='line_1_71' title="bbox 1030 1876 1722 1917; baseline 0.003 -11"><span class='ocrx_word' id='word_1_408' title='bbox 1030 1883 1091 1906; x_wconf 80' lang='lat' dir='ltr'><strong>stra</strong></span> <span class='ocrx_word' id='word_1_409' title='bbox 1116 1877 1207 1916; x_wconf 88' lang='lat' dir='ltr'><strong>capti.</strong></span> <span class='ocrx_word' id='word_1_410' title='bbox 1242 1876 1327 1917; x_wconf 82' lang='grc' dir='ltr'>(λη’.)</span> <span class='ocrx_word' id='word_1_411' title='bbox 1348 1877 1408 1914; x_wconf 90' lang='lat' dir='ltr'><strong>Qui</strong></span> <span class='ocrx_word' id='word_1_412' title='bbox 1430 1887 1533 1916; x_wconf 86' lang='lat' dir='ltr'><strong>regem</strong></span> <span class='ocrx_word' id='word_1_413' title='bbox 1561 1877 1722 1908; x_wconf 85' lang='lat' dir='ltr'><strong>Persarum</strong></span> 
     </span>
     <span class='ocr_line' id='line_1_72' title="bbox 1031 1919 1722 1959; baseline 0.001 -10"><span class='ocrx_word' id='word_1_414' title='bbox 1031 1920 1086 1949; x_wconf 90' lang='lat' dir='ltr'><strong>hoc</strong></span> <span class='ocrx_word' id='word_1_415' title='bbox 1100 1925 1245 1958; x_wconf 83' lang='lat' dir='ltr'><strong>tempore,</strong></span> <span class='ocrx_word' id='word_1_416' title='bbox 1260 1930 1318 1959; x_wconf 88' lang='lat' dir='ltr'><strong>quo</strong></span> <span class='ocrx_word' id='word_1_417' title='bbox 1343 1919 1438 1949; x_wconf 84' lang='lat' dir='ltr'><strong>turbis</strong></span> <span class='ocrx_word' id='word_1_418' title='bbox 1454 1920 1586 1958; x_wconf 83' lang='lat' dir='ltr'><strong>agitatus</strong></span> <span class='ocrx_word' id='word_1_419' title='bbox 1605 1927 1662 1957; x_wconf 86' lang='lat' dir='ltr'><strong>est,</strong></span> <span class='ocrx_word' id='word_1_420' title='bbox 1683 1922 1722 1951; x_wconf 91' lang='lat' dir='ltr'><strong>ob</strong></span> 
     </span>
     <span class='ocr_line' id='line_1_73' title="bbox 1030 1961 1724 2001; baseline 0.004 -10"><span class='ocrx_word' id='word_1_421' title='bbox 1030 1963 1118 1992; x_wconf 90' lang='lat' dir='ltr'><strong>nimis</strong></span> <span class='ocrx_word' id='word_1_422' title='bbox 1131 1972 1265 2001; x_wconf 80' lang='lat' dir='ltr'><strong>magnam</strong></span> <span class='ocrx_word' id='word_1_423' title='bbox 1280 1961 1441 2001; x_wconf 85' lang='lat' dir='ltr'><strong>potentiam</strong></span> <span class='ocrx_word' id='word_1_424' title='bbox 1457 1968 1629 2001; x_wconf 80' lang='lat' dir='ltr'><strong>oppugnatu</strong></span> <span class='ocrx_word' id='word_1_425' title='bbox 1646 1964 1724 1994; x_wconf 79' lang='lat' dir='ltr'><strong>diffi-</strong></span> 
     </span>
     <span class='ocr_line' id='line_1_74' title="bbox 1030 2005 1724 2044; baseline 0.004 -10"><span class='ocrx_word' id='word_1_426' title='bbox 1030 2006 1116 2035; x_wconf 85' lang='lat' dir='ltr'><strong>cilem</strong></span> <span class='ocrx_word' id='word_1_427' title='bbox 1144 2005 1314 2044; x_wconf 82' lang='lat' dir='ltr'><strong>opinantur,</strong></span> <span class='ocrx_word' id='word_1_428' title='bbox 1337 2005 1449 2034; x_wconf 75' lang='lat' dir='ltr'><strong>bellurn</strong></span> <span class='ocrx_word' id='word_1_429' title='bbox 1473 2005 1572 2043; x_wconf 86' lang='lat' dir='ltr'><strong>potius</strong></span> <span class='ocrx_word' id='word_1_430' title='bbox 1598 2007 1724 2037; x_wconf 78' lang='lat' dir='ltr'><strong>suadent</strong></span> 
     </span>
    </p>
   </div>
   <div class='ocr_carea' id='block_1_5' title="bbox 304 2046 1725 2096">
    <p class='ocr_par' dir='ltr' id='par_1_5' title="bbox 304 2046 1725 2096">
     <span class='ocr_line' id='line_1_75' title="bbox 304 2046 1725 2096; baseline 0.002 -20"><span class='ocrx_word' id='word_1_431' title='bbox 304 2047 532 2077; x_wconf 83' lang='lat' dir='ltr'><strong>distribuimus?</strong></span> <span class='ocrx_word' id='word_1_432' title='bbox 575 2046 668 2087; x_wconf 77' lang='grc' dir='ltr'>(λβ’.)</span> <span class='ocrx_word' id='word_1_433' title='bbox 697 2047 765 2083; x_wconf 88' lang='lat' dir='ltr'><strong>Qua</strong></span> <span class='ocrx_word' id='word_1_434' title='bbox 788 2048 878 2085; x_wconf 81' lang='lat' dir='ltr'><strong>igitur</strong></span> <span class='ocrx_word' id='word_1_435' title='bbox 901 2047 1018 2096; x_wconf 53' lang='lat' dir='ltr'><strong>frontex</strong></span> <span class='ocrx_word' id='word_1_436' title='bbox 1030 2059 1117 2086; x_wconf 82' lang='lat' dir='ltr'><strong>quam</strong></span> <span class='ocrx_word' id='word_1_437' title='bbox 1134 2048 1321 2083; x_wconf 85' lang='lat' dir='ltr'><strong>dissuadent,</strong></span> <span class='ocrx_word' id='word_1_438' title='bbox 1337 2053 1367 2077; x_wconf 85' lang='lat' dir='ltr'><strong>et</strong></span> <span class='ocrx_word' id='word_1_439' title='bbox 1383 2048 1495 2077; x_wconf 86' lang='lat' dir='ltr'><strong>ratione</strong></span> <span class='ocrx_word' id='word_1_440' title='bbox 1511 2047 1619 2078; x_wconf 87' lang='lat' dir='ltr'><strong>virium</strong></span> <span class='ocrx_word' id='word_1_441' title='bbox 1639 2049 1725 2079; x_wconf 86' lang='lat' dir='ltr'><strong>illius</strong></span> 
     </span>
    </p>
   </div>
   <div class='ocr_carea' id='block_1_6' title="bbox 304 2089 1004 3027">
    <p class='ocr_par' dir='ltr' id='par_1_6' title="bbox 304 2089 1004 3027">
     <span class='ocr_line' id='line_1_76' title="bbox 304 2089 997 2129; baseline -0.001 -10"><span class='ocrx_word' id='word_1_442' title='bbox 304 2090 481 2125; x_wconf 84' lang='lat' dir='ltr'><strong>decemviri,</strong></span> <span class='ocrx_word' id='word_1_443' title='bbox 495 2100 551 2129; x_wconf 88' lang='lat' dir='ltr'><strong>per</strong></span> <span class='ocrx_word' id='word_1_444' title='bbox 573 2090 700 2120; x_wconf 80' lang='lat' dir='ltr'><strong>Graeciae</strong></span> <span class='ocrx_word' id='word_1_445' title='bbox 719 2089 858 2119; x_wconf 83' lang='lat' dir='ltr'><strong>civitates</strong></span> <span class='ocrx_word' id='word_1_446' title='bbox 872 2101 888 2118; x_wconf 81' lang='lat' dir='ltr'><strong>a</strong></span> <span class='ocrx_word' id='word_1_447' title='bbox 905 2090 997 2119; x_wconf 83' lang='lat' dir='ltr'><strong>Lace-</strong></span> 
     </span>
     <span class='ocr_line' id='line_1_77' title="bbox 304 2132 997 2172; baseline 0 -10"><span class='ocrx_word' id='word_1_448' title='bbox 304 2133 462 2162; x_wconf 83' lang='lat' dir='ltr'><strong>daemouiis</strong></span> <span class='ocrx_word' id='word_1_449' title='bbox 472 2132 698 2172; x_wconf 83' lang='lat' dir='ltr'><strong>constituti,qui</strong></span> <span class='ocrx_word' id='word_1_450' title='bbox 708 2133 905 2170; x_wconf 88' lang='lat' dir='ltr'><strong>injustissima</strong></span> <span class='ocrx_word' id='word_1_451' title='bbox 917 2143 997 2171; x_wconf 85' lang='lat' dir='ltr'><strong>quae-</strong></span> 
     </span>
     <span class='ocr_line' id='line_1_78' title="bbox 306 2175 998 2214; baseline 0 -10"><span class='ocrx_word' id='word_1_452' title='bbox 306 2186 363 2214; x_wconf 89' lang='lat' dir='ltr'><strong>que</strong></span> <span class='ocrx_word' id='word_1_453' title='bbox 380 2176 651 2214; x_wconf 82' lang='lat' dir='ltr'><strong>nefandissimaque</strong></span> <span class='ocrx_word' id='word_1_454' title='bbox 668 2175 697 2204; x_wconf 94' lang='lat' dir='ltr'><strong>in</strong></span> <span class='ocrx_word' id='word_1_455' title='bbox 714 2176 798 2205; x_wconf 84' lang='lat' dir='ltr'><strong>cives</strong></span> <span class='ocrx_word' id='word_1_456' title='bbox 813 2175 998 2205; x_wconf 86' lang='lat' dir='ltr'><strong>committere</strong></span> 
     </span>
     <span class='ocr_line' id='line_1_79' title="bbox 306 2217 998 2259; baseline 0 -12"><span class='ocrx_word' id='word_1_457' title='bbox 306 2228 365 2247; x_wconf 88' lang='lat' dir='ltr'><strong>non</strong></span> <span class='ocrx_word' id='word_1_458' title='bbox 381 2219 574 2254; x_wconf 87' lang='lat' dir='ltr'><strong>erubuerunt,</strong></span> <span class='ocrx_word' id='word_1_459' title='bbox 595 2217 774 2257; x_wconf 85' lang='lat' dir='ltr'><strong>cupiditatis</strong></span> <span class='ocrx_word' id='word_1_460' title='bbox 791 2218 886 2248; x_wconf 79' lang='lat' dir='ltr'><strong>alienu</strong></span> <span class='ocrx_word' id='word_1_461' title='bbox 901 2219 998 2259; x_wconf 81' lang='lat' dir='ltr'><strong>possi-</strong></span> 
     </span>
     <span class='ocr_line' id='line_1_80' title="bbox 306 2260 999 2299; baseline 0 -9"><span class='ocrx_word' id='word_1_462' title='bbox 306 2261 397 2290; x_wconf 90' lang='lat' dir='ltr'><strong>dendi</strong></span> <span class='ocrx_word' id='word_1_463' title='bbox 409 2271 550 2290; x_wconf 82' lang='lat' dir='ltr'><strong>accusare</strong></span> <span class='ocrx_word' id='word_1_464' title='bbox 566 2271 619 2291; x_wconf 78' lang='lat' dir='ltr'><strong>uos</strong></span> <span class='ocrx_word' id='word_1_465' title='bbox 630 2260 761 2290; x_wconf 87' lang='lat' dir='ltr'><strong>audent?</strong></span> <span class='ocrx_word' id='word_1_466' title='bbox 804 2262 881 2299; x_wconf 86' lang='lat' dir='ltr'><strong>Quis</strong></span> <span class='ocrx_word' id='word_1_467' title='bbox 893 2271 909 2290; x_wconf 89' lang='lat' dir='ltr'><strong>a</strong></span> <span class='ocrx_word' id='word_1_468' title='bbox 919 2271 999 2290; x_wconf 88' lang='lat' dir='ltr'><strong>com·</strong></span> 
     </span>
     <span class='ocr_line' id='line_1_81' title="bbox 305 2303 998 2334; baseline 0.001 -2"><span class='ocrx_word' id='word_1_469' title='bbox 305 2304 387 2333; x_wconf 85' lang='lat' dir='ltr'><strong>muni</strong></span> <span class='ocrx_word' id='word_1_470' title='bbox 401 2304 455 2333; x_wconf 84' lang='lat' dir='ltr'><strong>hac</strong></span> <span class='ocrx_word' id='word_1_471' title='bbox 467 2304 635 2334; x_wconf 87' lang='lat' dir='ltr'><strong>calamitate</strong></span> <span class='ocrx_word' id='word_1_472' title='bbox 650 2303 790 2334; x_wconf 80' lang='lat' dir='ltr'><strong>immunis</strong></span> <span class='ocrx_word' id='word_1_473' title='bbox 804 2304 882 2334; x_wconf 83' lang='lat' dir='ltr'><strong>fuit?</strong></span> <span class='ocrx_word' id='word_1_474' title='bbox 914 2304 998 2334; x_wconf 80' lang='lat' dir='ltr'><strong>Prae-</strong></span> 
     </span>
     <span class='ocr_line' id='line_1_82' title="bbox 307 2346 998 2387; baseline 0.003 -12"><span class='ocrx_word' id='word_1_475' title='bbox 307 2350 390 2375; x_wconf 88' lang='lat' dir='ltr'><strong>terea</strong></span> <span class='ocrx_word' id='word_1_476' title='bbox 401 2346 516 2384; x_wconf 88' lang='lat' dir='ltr'><strong>judicia</strong></span> <span class='ocrx_word' id='word_1_477' title='bbox 527 2352 628 2376; x_wconf 83' lang='lat' dir='ltr'><strong>nostra</strong></span> <span class='ocrx_word' id='word_1_478' title='bbox 636 2347 688 2376; x_wconf 92' lang='lat' dir='ltr'><strong>illo</strong></span> <span class='ocrx_word' id='word_1_479' title='bbox 699 2351 834 2387; x_wconf 88' lang='lat' dir='ltr'><strong>tempore</strong></span> <span class='ocrx_word' id='word_1_480' title='bbox 847 2353 998 2383; x_wconf 87' lang='lat' dir='ltr'><strong>accusant,</strong></span> 
     </span>
     <span class='ocr_line' id='line_1_83' title="bbox 307 2389 1001 2428; baseline 0.003 -10"><span class='ocrx_word' id='word_1_481' title='bbox 307 2389 360 2427; x_wconf 91' lang='lat' dir='ltr'><strong>qui</strong></span> <span class='ocrx_word' id='word_1_482' title='bbox 375 2389 463 2418; x_wconf 88' lang='lat' dir='ltr'><strong>trium</strong></span> <span class='ocrx_word' id='word_1_483' title='bbox 482 2389 627 2419; x_wconf 86' lang='lat' dir='ltr'><strong>mensium</strong></span> <span class='ocrx_word' id='word_1_484' title='bbox 643 2390 740 2428; x_wconf 84' lang='lat' dir='ltr'><strong>spatio</strong></span> <span class='ocrx_word' id='word_1_485' title='bbox 761 2390 862 2428; x_wconf 84' lang='lat' dir='ltr'><strong>plures</strong></span> <span class='ocrx_word' id='word_1_486' title='bbox 887 2389 1001 2420; x_wconf 86' lang='lat' dir='ltr'><strong>indicta</strong></span> 
     </span>
     <span class='ocr_line' id='line_1_84' title="bbox 307 2431 1001 2471; baseline 0.003 -11"><span class='ocrx_word' id='word_1_487' title='bbox 307 2441 398 2461; x_wconf 86' lang='lat' dir='ltr'><strong>causa</strong></span> <span class='ocrx_word' id='word_1_488' title='bbox 416 2431 641 2466; x_wconf 78' lang='lat' dir='ltr'><strong>interfecerunt,</strong></span> <span class='ocrx_word' id='word_1_489' title='bbox 657 2442 746 2471; x_wconf 83' lang='lat' dir='ltr'><strong>quum</strong></span> <span class='ocrx_word' id='word_1_490' title='bbox 767 2433 877 2462; x_wconf 85' lang='lat' dir='ltr'><strong>civitas</strong></span> <span class='ocrx_word' id='word_1_491' title='bbox 899 2437 1001 2462; x_wconf 86' lang='lat' dir='ltr'><strong>nostra</strong></span> 
     </span>
     <span class='ocr_line' id='line_1_85' title="bbox 309 2475 1000 2514; baseline 0.003 -11"><span class='ocrx_word' id='word_1_492' title='bbox 309 2484 362 2512; x_wconf 85' lang='lat' dir='ltr'><strong>per</strong></span> <span class='ocrx_word' id='word_1_493' title='bbox 377 2479 470 2504; x_wconf 86' lang='lat' dir='ltr'><strong>totum</strong></span> <span class='ocrx_word' id='word_1_494' title='bbox 485 2475 602 2513; x_wconf 82' lang='lat' dir='ltr'><strong>imperii</strong></span> <span class='ocrx_word' id='word_1_495' title='bbox 619 2481 736 2514; x_wconf 83' lang='lat' dir='ltr'><strong>tempus</strong></span> <span class='ocrx_word' id='word_1_496' title='bbox 749 2475 800 2504; x_wconf 80' lang='lat' dir='ltr'><strong>vix</strong></span> <span class='ocrx_word' id='word_1_497' title='bbox 813 2475 841 2505; x_wconf 90' lang='lat' dir='ltr'><strong>iu</strong></span> <span class='ocrx_word' id='word_1_498' title='bbox 852 2475 1000 2514; x_wconf 87' lang='lat' dir='ltr'><strong>judicium</strong></span> 
     </span>
     <span class='ocr_line' id='line_1_86' title="bbox 309 2516 1000 2557; baseline 0.003 -11"><span class='ocrx_word' id='word_1_499' title='bbox 309 2517 448 2547; x_wconf 81' lang='lat' dir='ltr'><strong>adduxit.</strong></span> <span class='ocrx_word' id='word_1_500' title='bbox 469 2516 560 2557; x_wconf 77' lang='grc' dir='ltr'>(λγ’.)</span> <span class='ocrx_word' id='word_1_501' title='bbox 581 2518 689 2556; x_wconf 87' lang='lat' dir='ltr'><strong>Neque</strong></span> <span class='ocrx_word' id='word_1_502' title='bbox 704 2528 837 2557; x_wconf 83' lang='lat' dir='ltr'><strong>praesens</strong></span> <span class='ocrx_word' id='word_1_503' title='bbox 853 2522 960 2554; x_wconf 85' lang='lat' dir='ltr'><strong>status,</strong></span> <span class='ocrx_word' id='word_1_504' title='bbox 972 2519 1000 2548; x_wconf 90' lang='lat' dir='ltr'><strong>in</strong></span> 
     </span>
     <span class='ocr_line' id='line_1_87' title="bbox 309 2560 1002 2600; baseline 0.004 -12"><span class='ocrx_word' id='word_1_505' title='bbox 309 2570 368 2598; x_wconf 87' lang='lat' dir='ltr'><strong>quo</strong></span> <span class='ocrx_word' id='word_1_506' title='bbox 383 2570 443 2600; x_wconf 85' lang='lat' dir='ltr'><strong>pax</strong></span> <span class='ocrx_word' id='word_1_507' title='bbox 465 2565 496 2589; x_wconf 93' lang='lat' dir='ltr'><strong>et</strong></span> <span class='ocrx_word' id='word_1_508' title='bbox 510 2560 633 2589; x_wconf 85' lang='lat' dir='ltr'><strong>libertas</strong></span> <span class='ocrx_word' id='word_1_509' title='bbox 647 2560 675 2590; x_wconf 89' lang='lat' dir='ltr'><strong>in</strong></span> <span class='ocrx_word' id='word_1_510' title='bbox 695 2561 816 2600; x_wconf 89' lang='lat' dir='ltr'><strong>scriptis</strong></span> <span class='ocrx_word' id='word_1_511' title='bbox 831 2566 908 2596; x_wconf 86' lang='lat' dir='ltr'><strong>sunt,</strong></span> <span class='ocrx_word' id='word_1_512' title='bbox 923 2562 1002 2592; x_wconf 78' lang='lat' dir='ltr'><strong>desi-</strong></span> 
     </span>
     <span class='ocr_line' id='line_1_88' title="bbox 311 2602 1002 2643; baseline 0.004 -12"><span class='ocrx_word' id='word_1_513' title='bbox 311 2602 453 2633; x_wconf 78' lang='lat' dir='ltr'><strong>derantur</strong></span> <span class='ocrx_word' id='word_1_514' title='bbox 464 2603 493 2632; x_wconf 92' lang='lat' dir='ltr'><strong>iu</strong></span> <span class='ocrx_word' id='word_1_515' title='bbox 503 2603 603 2638; x_wconf 85' lang='lat' dir='ltr'><strong>factis,</strong></span> <span class='ocrx_word' id='word_1_516' title='bbox 616 2608 717 2632; x_wconf 85' lang='lat' dir='ltr'><strong>nostro</strong></span> <span class='ocrx_word' id='word_1_517' title='bbox 729 2604 908 2643; x_wconf 80' lang='lat' dir='ltr'><strong>principatui</strong></span> <span class='ocrx_word' id='word_1_518' title='bbox 920 2609 1002 2634; x_wconf 89' lang='lat' dir='ltr'><strong>ante-</strong></span> 
     </span>
     <span class='ocr_line' id='line_1_89' title="bbox 312 2646 1002 2686; baseline 0.004 -12"><span class='ocrx_word' id='word_1_519' title='bbox 312 2646 468 2684; x_wconf 84' lang='lat' dir='ltr'><strong>ponendus</strong></span> <span class='ocrx_word' id='word_1_520' title='bbox 493 2649 551 2674; x_wconf 87' lang='lat' dir='ltr'><strong>est.</strong></span> <span class='ocrx_word' id='word_1_521' title='bbox 595 2646 688 2675; x_wconf 84' lang='lat' dir='ltr'><strong>Facta</strong></span> <span class='ocrx_word' id='word_1_522' title='bbox 713 2647 825 2686; x_wconf 89' lang='lat' dir='ltr'><strong>quippe</strong></span> <span class='ocrx_word' id='word_1_523' title='bbox 848 2647 904 2677; x_wconf 83' lang='lat' dir='ltr'><strong>bac</strong></span> <span class='ocrx_word' id='word_1_524' title='bbox 926 2657 1002 2686; x_wconf 78' lang='lat' dir='ltr'><strong>pace</strong></span> 
     </span>
     <span class='ocr_line' id='line_1_90' title="bbox 313 2688 1003 2724; baseline 0.004 -7"><span class='ocrx_word' id='word_1_525' title='bbox 313 2688 425 2718; x_wconf 91' lang='lat' dir='ltr'><strong>bellum</strong></span> <span class='ocrx_word' id='word_1_526' title='bbox 441 2688 530 2717; x_wconf 83' lang='lat' dir='ltr'><strong>civile</strong></span> <span class='ocrx_word' id='word_1_527' title='bbox 554 2693 690 2718; x_wconf 82' lang='lat' dir='ltr'><strong>exortum</strong></span> <span class='ocrx_word' id='word_1_528' title='bbox 712 2694 768 2724; x_wconf 84' lang='lat' dir='ltr'><strong>est,</strong></span> <span class='ocrx_word' id='word_1_529' title='bbox 795 2690 918 2720; x_wconf 80' lang='lat' dir='ltr'><strong>libertas</strong></span> <span class='ocrx_word' id='word_1_530' title='bbox 933 2701 1003 2720; x_wconf 84' lang='lat' dir='ltr'><strong>eva·</strong></span> 
     </span>
     <span class='ocr_line' id='line_1_91' title="bbox 311 2730 1002 2772; baseline 0.003 -12"><span class='ocrx_word' id='word_1_531' title='bbox 311 2730 388 2760; x_wconf 86' lang='lat' dir='ltr'><strong>nuit.</strong></span> <span class='ocrx_word' id='word_1_532' title='bbox 433 2731 534 2760; x_wconf 80' lang='lat' dir='ltr'><strong>Persae</strong></span> <span class='ocrx_word' id='word_1_533' title='bbox 558 2735 669 2765; x_wconf 83' lang='lat' dir='ltr'><strong>autem,</strong></span> <span class='ocrx_word' id='word_1_534' title='bbox 694 2732 819 2761; x_wconf 85' lang='lat' dir='ltr'><strong>simulac</strong></span> <span class='ocrx_word' id='word_1_535' title='bbox 844 2733 1002 2772; x_wconf 84' lang='lat' dir='ltr'><strong>imperium</strong></span> 
     </span>
     <span class='ocr_line' id='line_1_92' title="bbox 312 2772 1003 2811; baseline 0.006 -9"><span class='ocrx_word' id='word_1_536' title='bbox 312 2773 438 2803; x_wconf 79' lang='lat' dir='ltr'><strong>Graeciae</strong></span> <span class='ocrx_word' id='word_1_537' title='bbox 447 2772 557 2803; x_wconf 84' lang='lat' dir='ltr'><strong>anobis</strong></span> <span class='ocrx_word' id='word_1_538' title='bbox 569 2774 605 2803; x_wconf 77' lang='lat' dir='ltr'><strong>ad</strong></span> <span class='ocrx_word' id='word_1_539' title='bbox 619 2774 861 2805; x_wconf 68' lang='lat' dir='ltr'><strong>Lacedaemonios</strong></span> <span class='ocrx_word' id='word_1_540' title='bbox 874 2775 1003 2811; x_wconf 87' lang='lat' dir='ltr'><strong>transiit,</strong></span> 
     </span>
     <span class='ocr_line' id='line_1_93' title="bbox 313 2815 1003 2858; baseline 0.004 -12"><span class='ocrx_word' id='word_1_541' title='bbox 313 2816 404 2846; x_wconf 84' lang='lat' dir='ltr'><strong>maris</strong></span> <span class='ocrx_word' id='word_1_542' title='bbox 432 2815 590 2854; x_wconf 82' lang='lat' dir='ltr'><strong>imperium</strong></span> <span class='ocrx_word' id='word_1_543' title='bbox 616 2822 808 2855; x_wconf 86' lang='lat' dir='ltr'><strong>acceperunt,</strong></span> <span class='ocrx_word' id='word_1_544' title='bbox 834 2819 1003 2858; x_wconf 75' lang='lat' dir='ltr'><strong>multusque</strong></span> 
     </span>
     <span class='ocr_line' id='line_1_94' title="bbox 312 2858 1003 2898; baseline 0.003 -10"><span class='ocrx_word' id='word_1_545' title='bbox 312 2859 438 2889; x_wconf 74' lang='lat' dir='ltr'><strong>Graecioe</strong></span> <span class='ocrx_word' id='word_1_546' title='bbox 459 2858 600 2888; x_wconf 79' lang='lat' dir='ltr'><strong>civitates</strong></span> <span class='ocrx_word' id='word_1_547' title='bbox 623 2865 834 2898; x_wconf 80' lang='lat' dir='ltr'><strong>expugnarunt</strong></span> <span class='ocrx_word' id='word_1_548' title='bbox 852 2865 883 2890; x_wconf 91' lang='lat' dir='ltr'><strong>et</strong></span> <span class='ocrx_word' id='word_1_549' title='bbox 906 2861 1003 2892; x_wconf 88' lang='lat' dir='ltr'><strong>adorti</strong></span> 
     </span>
     <span class='ocr_line' id='line_1_95' title="bbox 312 2899 1004 2942; baseline 0.004 -11"><span class='ocrx_word' id='word_1_550' title='bbox 312 2906 392 2932; x_wconf 83' lang='lat' dir='ltr'><strong>sunt.</strong></span> <span class='ocrx_word' id='word_1_551' title='bbox 425 2899 513 2942; x_wconf 59' lang='lat'><strong>(23⁴¹.)</strong></span> <span class='ocrx_word' id='word_1_552' title='bbox 542 2902 661 2939; x_wconf 82' lang='lat' dir='ltr'><strong>Quanta</strong></span> <span class='ocrx_word' id='word_1_553' title='bbox 682 2902 746 2932; x_wconf 75' lang='lat' dir='ltr'><strong>liaeu</strong></span> <span class='ocrx_word' id='word_1_554' title='bbox 769 2902 860 2932; x_wconf 88' lang='lat' dir='ltr'><strong>suerit</strong></span> <span class='ocrx_word' id='word_1_555' title='bbox 886 2903 1004 2942; x_wconf 81' lang='lat' dir='ltr'><strong>imperii</strong></span> 
     </span>
     <span class='ocr_line' id='line_1_96' title="bbox 312 2943 1003 2980; baseline 0.004 -7"><span class='ocrx_word' id='word_1_556' title='bbox 312 2944 449 2980; x_wconf 77' lang='lat' dir='ltr'><strong>mutatio,</strong></span> <span class='ocrx_word' id='word_1_557' title='bbox 461 2955 477 2974; x_wconf 89' lang='lat' dir='ltr'><strong>e</strong></span> <span class='ocrx_word' id='word_1_558' title='bbox 491 2943 654 2975; x_wconf 78' lang='lat' dir='ltr'><strong>foederibus</strong></span> <span class='ocrx_word' id='word_1_559' title='bbox 665 2945 808 2980; x_wconf 77' lang='lat' dir='ltr'><strong>maxime,</strong></span> <span class='ocrx_word' id='word_1_560' title='bbox 821 2955 896 2975; x_wconf 92' lang='lat' dir='ltr'><strong>nunc</strong></span> <span class='ocrx_word' id='word_1_561' title='bbox 909 2947 1003 2979; x_wconf 75' lang='lat' dir='ltr'><strong>etillo</strong></span> 
     </span>
     <span class='ocr_line' id='line_1_97' title="bbox 314 2987 1003 3027; baseline 0.004 -11"><span class='ocrx_word' id='word_1_562' title='bbox 314 2993 448 3027; x_wconf 71' lang='lat' dir='ltr'><strong>tempore</strong></span> <span class='ocrx_word' id='word_1_563' title='bbox 464 2987 544 3023; x_wconf 70' lang='lat' dir='ltr'><strong>ictis,</strong></span> <span class='ocrx_word' id='word_1_564' title='bbox 560 2994 705 3026; x_wconf 76' lang='lat' dir='ltr'><strong>apperet3</strong></span> <span class='ocrx_word' id='word_1_565' title='bbox 728 2987 877 3026; x_wconf 82' lang='lat' dir='ltr'><strong>siquidem</strong></span> <span class='ocrx_word' id='word_1_566' title='bbox 897 2990 1003 3019; x_wconf 75' lang='lat' dir='ltr'><strong>Persa-</strong></span> 
     </span>
    </p>
   </div>
   <div class='ocr_carea' id='block_1_7' title="bbox 1030 2089 1732 3028">
    <p class='ocr_par' dir='ltr' id='par_1_7' title="bbox 1030 2089 1732 3028">
     <span class='ocr_line' id='line_1_98' title="bbox 1030 2089 1725 2130; baseline 0.003 -10"><span class='ocrx_word' id='word_1_567' title='bbox 1030 2091 1225 2121; x_wconf 88' lang='lat' dir='ltr'><strong>vebementer</strong></span> <span class='ocrx_word' id='word_1_568' title='bbox 1239 2095 1348 2120; x_wconf 85' lang='lat' dir='ltr'><strong>errant.</strong></span> <span class='ocrx_word' id='word_1_569' title='bbox 1371 2089 1460 2130; x_wconf 55' lang='lat'>(26&#39;.)</span> <span class='ocrx_word' id='word_1_570' title='bbox 1481 2091 1555 2120; x_wconf 78' lang='lat' dir='ltr'><strong>Istae</strong></span> <span class='ocrx_word' id='word_1_571' title='bbox 1574 2091 1652 2122; x_wconf 84' lang='lat' dir='ltr'><strong>enim</strong></span> <span class='ocrx_word' id='word_1_572' title='bbox 1665 2102 1725 2122; x_wconf 83' lang='lat' dir='ltr'><strong>nou</strong></span> 
     </span>
     <span class='ocr_line' id='line_1_99' title="bbox 1032 2134 1724 2172; baseline 0.001 -9"><span class='ocrx_word' id='word_1_573' title='bbox 1032 2138 1090 2163; x_wconf 82' lang='lat' dir='ltr'><strong>tam</strong></span> <span class='ocrx_word' id='word_1_574' title='bbox 1114 2134 1298 2163; x_wconf 83' lang='lat' dir='ltr'><strong>aestimandae</strong></span> <span class='ocrx_word' id='word_1_575' title='bbox 1322 2139 1388 2162; x_wconf 85' lang='lat' dir='ltr'><strong>sunt</strong></span> <span class='ocrx_word' id='word_1_576' title='bbox 1411 2143 1449 2162; x_wconf 82' lang='lat' dir='ltr'><strong>ex</strong></span> <span class='ocrx_word' id='word_1_577' title='bbox 1477 2143 1522 2167; x_wconf 86' lang='lat' dir='ltr'><strong>eo,</strong></span> <span class='ocrx_word' id='word_1_578' title='bbox 1547 2135 1629 2172; x_wconf 88' lang='lat' dir='ltr'><strong>quod</strong></span> <span class='ocrx_word' id='word_1_579' title='bbox 1656 2145 1724 2164; x_wconf 87' lang='lat' dir='ltr'><strong>cum</strong></span> 
     </span>
     <span class='ocr_line' id='line_1_100' title="bbox 1031 2176 1724 2218; baseline 0.001 -12"><span class='ocrx_word' id='word_1_580' title='bbox 1031 2177 1266 2206; x_wconf 84' lang='lat' dir='ltr'><strong>Atheniensibus</strong></span> <span class='ocrx_word' id='word_1_581' title='bbox 1282 2176 1330 2206; x_wconf 85' lang='lat' dir='ltr'><strong>vel</strong></span> <span class='ocrx_word' id='word_1_582' title='bbox 1346 2176 1578 2206; x_wconf 70' lang='lat' dir='ltr'><strong>Lacedaemoniis</strong></span> <span class='ocrx_word' id='word_1_583' title='bbox 1599 2177 1724 2218; x_wconf 86' lang='lat' dir='ltr'><strong>coujun-</strong></span> 
     </span>
     <span class='ocr_line' id='line_1_101' title="bbox 1031 2218 1725 2258; baseline 0.003 -10"><span class='ocrx_word' id='word_1_584' title='bbox 1031 2224 1110 2254; x_wconf 82' lang='lat' dir='ltr'><strong>ctus,</strong></span> <span class='ocrx_word' id='word_1_585' title='bbox 1127 2229 1213 2258; x_wconf 90' lang='lat' dir='ltr'><strong>quam</strong></span> <span class='ocrx_word' id='word_1_586' title='bbox 1235 2220 1315 2258; x_wconf 89' lang='lat' dir='ltr'><strong>quod</strong></span> <span class='ocrx_word' id='word_1_587' title='bbox 1331 2219 1414 2248; x_wconf 88' lang='lat' dir='ltr'><strong>solus</strong></span> <span class='ocrx_word' id='word_1_588' title='bbox 1437 2218 1547 2253; x_wconf 69' lang='lat' dir='ltr'><strong>effecit,</strong></span> <span class='ocrx_word' id='word_1_589' title='bbox 1563 2220 1613 2249; x_wconf 86' lang='lat' dir='ltr'><strong>ubi</strong></span> <span class='ocrx_word' id='word_1_590' title='bbox 1628 2220 1725 2250; x_wconf 82' lang='lat' dir='ltr'><strong>imbe-</strong></span> 
     </span>
     <span class='ocr_line' id='line_1_102' title="bbox 1032 2261 1725 2301; baseline 0.003 -10"><span class='ocrx_word' id='word_1_591' title='bbox 1032 2262 1176 2297; x_wconf 85' lang='lat' dir='ltr'><strong>cillimus‚</strong></span> <span class='ocrx_word' id='word_1_592' title='bbox 1192 2267 1225 2291; x_wconf 87' lang='lat' dir='ltr'><strong>ut</strong></span> <span class='ocrx_word' id='word_1_593' title='bbox 1247 2261 1386 2300; x_wconf 83' lang='lat' dir='ltr'><strong>exempla</strong></span> <span class='ocrx_word' id='word_1_594' title='bbox 1406 2261 1529 2296; x_wconf 88' lang='lat' dir='ltr'><strong>docent,</strong></span> <span class='ocrx_word' id='word_1_595' title='bbox 1547 2263 1725 2301; x_wconf 84' lang='lat' dir='ltr'><strong>reperietur.</strong></span> 
     </span>
     <span class='ocr_line' id='line_1_103' title="bbox 1033 2305 1726 2345; baseline 0.001 -10"><span class='ocrx_word' id='word_1_596' title='bbox 1033 2305 1211 2345; x_wconf 83' lang='lat' dir='ltr'><strong>AEgyptum‚</strong></span> <span class='ocrx_word' id='word_1_597' title='bbox 1227 2314 1294 2343; x_wconf 85' lang='lat' dir='ltr'><strong>quae</strong></span> <span class='ocrx_word' id='word_1_598' title='bbox 1309 2305 1473 2336; x_wconf 78' lang='lat' dir='ltr'><strong>defecerat.</strong></span> <span class='ocrx_word' id='word_1_599' title='bbox 1492 2305 1531 2334; x_wconf 80' lang='lat' dir='ltr'><strong>ad</strong></span> <span class='ocrx_word' id='word_1_600' title='bbox 1549 2305 1726 2345; x_wconf 70' lang='lat' dir='ltr'><strong>obsequium</strong></span> 
     </span>
     <span class='ocr_line' id='line_1_104' title="bbox 1032 2347 1726 2386; baseline 0.001 -9"><span class='ocrx_word' id='word_1_601' title='bbox 1032 2349 1175 2377; x_wconf 86' lang='lat' dir='ltr'><strong>reducere</strong></span> <span class='ocrx_word' id='word_1_602' title='bbox 1196 2357 1251 2386; x_wconf 87' lang='lat' dir='ltr'><strong>per</strong></span> <span class='ocrx_word' id='word_1_603' title='bbox 1265 2347 1424 2376; x_wconf 85' lang='lat' dir='ltr'><strong>triennium</strong></span> <span class='ocrx_word' id='word_1_604' title='bbox 1444 2347 1556 2377; x_wconf 78' lang='lat' dir='ltr'><strong>frustra</strong></span> <span class='ocrx_word' id='word_1_605' title='bbox 1578 2348 1726 2386; x_wconf 82' lang='lat' dir='ltr'><strong>tentavit;</strong></span> 
     </span>
     <span class='ocr_line' id='line_1_105' title="bbox 1034 2390 1728 2430; baseline 0.003 -10"><span class='ocrx_word' id='word_1_606' title='bbox 1034 2392 1201 2430; x_wconf 83' lang='lat' dir='ltr'><strong>Evagoram</strong></span> <span class='ocrx_word' id='word_1_607' title='bbox 1217 2390 1374 2420; x_wconf 85' lang='lat' dir='ltr'><strong>Salaminis</strong></span> <span class='ocrx_word' id='word_1_608' title='bbox 1386 2390 1415 2419; x_wconf 89' lang='lat' dir='ltr'><strong>in</strong></span> <span class='ocrx_word' id='word_1_609' title='bbox 1427 2391 1530 2428; x_wconf 80' lang='lat' dir='ltr'><strong>Cypro</strong></span> <span class='ocrx_word' id='word_1_610' title='bbox 1545 2401 1647 2428; x_wconf 80' lang='lat' dir='ltr'><strong>regem</strong></span> <span class='ocrx_word' id='word_1_611' title='bbox 1659 2402 1728 2422; x_wconf 83' lang='lat' dir='ltr'><strong>sex-</strong></span> 
     </span>
     <span class='ocr_line' id='line_1_106' title="bbox 1033 2433 1727 2473; baseline 0.003 -11"><span class='ocrx_word' id='word_1_612' title='bbox 1033 2434 1153 2462; x_wconf 83' lang='lat' dir='ltr'><strong>ennium</strong></span> <span class='ocrx_word' id='word_1_613' title='bbox 1179 2433 1299 2462; x_wconf 87' lang='lat' dir='ltr'><strong>obsedit</strong></span> <span class='ocrx_word' id='word_1_614' title='bbox 1320 2438 1350 2462; x_wconf 87' lang='lat' dir='ltr'><strong>et</strong></span> <span class='ocrx_word' id='word_1_615' title='bbox 1367 2433 1496 2462; x_wconf 90' lang='lat' dir='ltr'><strong>nondum</strong></span> <span class='ocrx_word' id='word_1_616' title='bbox 1519 2434 1727 2473; x_wconf 66' lang='lat' dir='ltr'><strong>expugnavit;</strong></span> 
     </span>
     <span class='ocr_line' id='line_1_107' title="bbox 1035 2475 1727 2514; baseline 0.003 -8"><span class='ocrx_word' id='word_1_617' title='bbox 1035 2476 1327 2506; x_wconf 69' lang='lat' dir='ltr'><strong>Lacedaemoniorum</strong></span> <span class='ocrx_word' id='word_1_618' title='bbox 1366 2475 1496 2514; x_wconf 84' lang='lat' dir='ltr'><strong>denique</strong></span> <span class='ocrx_word' id='word_1_619' title='bbox 1531 2477 1568 2506; x_wconf 80' lang='lat' dir='ltr'><strong>ad</strong></span> <span class='ocrx_word' id='word_1_620' title='bbox 1597 2476 1727 2508; x_wconf 77' lang='lat' dir='ltr'><strong>Gnidum</strong></span> 
     </span>
     <span class='ocr_line' id='line_1_108' title="bbox 1034 2518 1729 2554; baseline 0.001 -5"><span class='ocrx_word' id='word_1_621' title='bbox 1034 2519 1177 2554; x_wconf 78' lang='lat' dir='ltr'><strong>classem,</strong></span> <span class='ocrx_word' id='word_1_622' title='bbox 1192 2519 1352 2548; x_wconf 82' lang='lat' dir='ltr'><strong>triennium</strong></span> <span class='ocrx_word' id='word_1_623' title='bbox 1371 2518 1522 2554; x_wconf 78' lang='lat' dir='ltr'><strong>obsessus,</strong></span> <span class='ocrx_word' id='word_1_624' title='bbox 1538 2519 1590 2548; x_wconf 84' lang='lat' dir='ltr'><strong>vix</strong></span> <span class='ocrx_word' id='word_1_625' title='bbox 1608 2520 1729 2550; x_wconf 79' lang='lat' dir='ltr'><strong>tandem</strong></span> 
     </span>
     <span class='ocr_line' id='line_1_109' title="bbox 1035 2561 1729 2603; baseline 0.001 -11"><span class='ocrx_word' id='word_1_626' title='bbox 1035 2562 1129 2599; x_wconf 85' lang='lat' dir='ltr'><strong>vicit;</strong></span> <span class='ocrx_word' id='word_1_627' title='bbox 1151 2571 1317 2600; x_wconf 86' lang='lat' dir='ltr'><strong>quanquam</strong></span> <span class='ocrx_word' id='word_1_628' title='bbox 1340 2561 1402 2591; x_wconf 84' lang='lat' dir='ltr'><strong>baec</strong></span> <span class='ocrx_word' id='word_1_629' title='bbox 1420 2561 1448 2590; x_wconf 90' lang='lat' dir='ltr'><strong>in</strong></span> <span class='ocrx_word' id='word_1_630' title='bbox 1474 2561 1729 2603; x_wconf 69' lang='lat' dir='ltr'><strong>splendidissimis</strong></span> 
     </span>
     <span class='ocr_line' id='line_1_110' title="bbox 1035 2604 1726 2643; baseline 0.003 -9"><span class='ocrx_word' id='word_1_631' title='bbox 1035 2606 1102 2643; x_wconf 91' lang='lat' dir='ltr'><strong>ejus</strong></span> <span class='ocrx_word' id='word_1_632' title='bbox 1123 2604 1304 2634; x_wconf 75' lang='lat' dir='ltr'><strong>facinoribus</strong></span> <span class='ocrx_word' id='word_1_633' title='bbox 1319 2608 1523 2638; x_wconf 76' lang='lat' dir='ltr'><strong>numeruntur,</strong></span> <span class='ocrx_word' id='word_1_634' title='bbox 1537 2613 1603 2642; x_wconf 87' lang='lat' dir='ltr'><strong>quae</strong></span> <span class='ocrx_word' id='word_1_635' title='bbox 1622 2605 1662 2634; x_wconf 89' lang='lat' dir='ltr'><strong>de</strong></span> <span class='ocrx_word' id='word_1_636' title='bbox 1682 2606 1726 2636; x_wconf 91' lang='lat' dir='ltr'><strong>in-</strong></span> 
     </span>
     <span class='ocr_line' id='line_1_111' title="bbox 1035 2646 1729 2686; baseline 0.003 -10"><span class='ocrx_word' id='word_1_637' title='bbox 1035 2647 1151 2677; x_wconf 84' lang='lat' dir='ltr'><strong>dustria</strong></span> <span class='ocrx_word' id='word_1_638' title='bbox 1174 2647 1278 2685; x_wconf 81' lang='lat' dir='ltr'><strong>selegi,</strong></span> <span class='ocrx_word' id='word_1_639' title='bbox 1292 2657 1348 2676; x_wconf 89' lang='lat' dir='ltr'><strong>uon</strong></span> <span class='ocrx_word' id='word_1_640' title='bbox 1369 2646 1489 2685; x_wconf 72' lang='lat' dir='ltr'><strong>ignarus</strong></span> <span class='ocrx_word' id='word_1_641' title='bbox 1510 2646 1641 2681; x_wconf 86' lang='lat' dir='ltr'><strong>illorum.</strong></span> <span class='ocrx_word' id='word_1_642' title='bbox 1661 2658 1729 2686; x_wconf 83' lang='lat' dir='ltr'><strong>quae</strong></span> 
     </span>
     <span class='ocr_line' id='line_1_112' title="bbox 1035 2689 1730 2730; baseline 0.001 -10"><span class='ocrx_word' id='word_1_643' title='bbox 1035 2690 1186 2729; x_wconf 82' lang='lat' dir='ltr'><strong>ignaviam</strong></span> <span class='ocrx_word' id='word_1_644' title='bbox 1213 2695 1403 2730; x_wconf 83' lang='lat' dir='ltr'><strong>satraparum</strong></span> <span class='ocrx_word' id='word_1_645' title='bbox 1425 2689 1538 2719; x_wconf 81' lang='lat' dir='ltr'><strong>Persiae</strong></span> <span class='ocrx_word' id='word_1_646' title='bbox 1563 2689 1730 2721; x_wconf 77' lang='lat' dir='ltr'><strong>clarissimo</strong></span> 
     </span>
     <span class='ocr_line' id='line_1_113' title="bbox 1036 2731 1729 2773; baseline 0.001 -11"><span class='ocrx_word' id='word_1_647' title='bbox 1036 2734 1208 2762; x_wconf 85' lang='lat' dir='ltr'><strong>ostendunt.</strong></span> <span class='ocrx_word' id='word_1_648' title='bbox 1231 2731 1308 2773; x_wconf 79' lang='grc' dir='ltr'>(μ’.)</span> <span class='ocrx_word' id='word_1_649' title='bbox 1327 2732 1434 2761; x_wconf 89' lang='lat' dir='ltr'><strong>Nonne</strong></span> <span class='ocrx_word' id='word_1_650' title='bbox 1451 2732 1656 2770; x_wconf 81' lang='lat' dir='ltr'><strong>Dercyllidas,</strong></span> <span class='ocrx_word' id='word_1_651' title='bbox 1673 2734 1729 2763; x_wconf 61' lang='lat' dir='ltr'><strong>1111w</strong></span> 
     </span>
     <span class='ocr_line' id='line_1_114' title="bbox 1036 2774 1730 2809; baseline 0.001 -4"><span class='ocrx_word' id='word_1_652' title='bbox 1036 2776 1285 2805; x_wconf 75' lang='lat' dir='ltr'><strong>cedaemoniorum</strong></span> <span class='ocrx_word' id='word_1_653' title='bbox 1311 2774 1389 2809; x_wconf 74' lang='lat' dir='ltr'><strong>dux,</strong></span> <span class='ocrx_word' id='word_1_654' title='bbox 1406 2783 1474 2803; x_wconf 88' lang='lat' dir='ltr'><strong>cum</strong></span> <span class='ocrx_word' id='word_1_655' title='bbox 1498 2774 1582 2803; x_wconf 86' lang='lat' dir='ltr'><strong>mille</strong></span> <span class='ocrx_word' id='word_1_656' title='bbox 1605 2776 1730 2806; x_wconf 81' lang='lat' dir='ltr'><strong>cetratis</strong></span> 
     </span>
     <span class='ocr_line' id='line_1_115' title="bbox 1037 2817 1730 2856; baseline 0 -8"><span class='ocrx_word' id='word_1_657' title='bbox 1037 2818 1167 2849; x_wconf 80' lang='lat' dir='ltr'><strong>AEoliam</strong></span> <span class='ocrx_word' id='word_1_658' title='bbox 1179 2817 1351 2856; x_wconf 80' lang='lat' dir='ltr'><strong>occupavit,</strong></span> <span class='ocrx_word' id='word_1_659' title='bbox 1367 2818 1466 2846; x_wconf 81' lang='lat' dir='ltr'><strong>Draco</strong></span> <span class='ocrx_word' id='word_1_660' title='bbox 1476 2826 1544 2846; x_wconf 88' lang='lat' dir='ltr'><strong>cum</strong></span> <span class='ocrx_word' id='word_1_661' title='bbox 1556 2817 1652 2847; x_wconf 87' lang='lat' dir='ltr'><strong>tribus</strong></span> <span class='ocrx_word' id='word_1_662' title='bbox 1664 2818 1730 2848; x_wconf 89' lang='lat' dir='ltr'><strong>mil-</strong></span> 
     </span>
     <span class='ocr_line' id='line_1_116' title="bbox 1037 2859 1728 2900; baseline 0 -9"><span class='ocrx_word' id='word_1_663' title='bbox 1037 2862 1118 2891; x_wconf 84' lang='lat' dir='ltr'><strong>libus</strong></span> <span class='ocrx_word' id='word_1_664' title='bbox 1134 2861 1266 2900; x_wconf 78' lang='lat' dir='ltr'><strong>Mysiam</strong></span> <span class='ocrx_word' id='word_1_665' title='bbox 1284 2859 1425 2894; x_wconf 75' lang='lat' dir='ltr'><strong>vastavit,</strong></span> <span class='ocrx_word' id='word_1_666' title='bbox 1441 2859 1554 2889; x_wconf 80' lang='lat' dir='ltr'><strong>Thibro</strong></span> <span class='ocrx_word' id='word_1_667' title='bbox 1574 2870 1642 2890; x_wconf 85' lang='lat' dir='ltr'><strong>oum</strong></span> <span class='ocrx_word' id='word_1_668' title='bbox 1660 2862 1728 2891; x_wconf 90' lang='lat' dir='ltr'><strong>toti-</strong></span> 
     </span>
     <span class='ocr_line' id='line_1_117' title="bbox 1037 2901 1730 2942; baseline -0.004 -8"><span class='ocrx_word' id='word_1_669' title='bbox 1037 2905 1106 2934; x_wconf 82' lang='lat' dir='ltr'><strong>dem</strong></span> <span class='ocrx_word' id='word_1_670' title='bbox 1129 2904 1192 2934; x_wconf 77' lang='lat' dir='ltr'><strong>fere</strong></span> <span class='ocrx_word' id='word_1_671' title='bbox 1218 2902 1341 2940; x_wconf 79' lang='lat' dir='ltr'><strong>Lydiam</strong></span> <span class='ocrx_word' id='word_1_672' title='bbox 1368 2901 1527 2942; x_wconf 72' lang='lat' dir='ltr'><strong>populatus</strong></span> <span class='ocrx_word' id='word_1_673' title='bbox 1552 2907 1609 2938; x_wconf 80' lang='lat' dir='ltr'><strong>est,</strong></span> <span class='ocrx_word' id='word_1_674' title='bbox 1624 2904 1730 2942; x_wconf 73' lang='lat' dir='ltr'><strong>Agesi-</strong></span> 
     </span>
     <span class='ocr_line' id='line_1_118' title="bbox 1038 2943 1732 2984; baseline -0.001 -7"><span class='ocrx_word' id='word_1_675' title='bbox 1038 2947 1102 2977; x_wconf 78' lang='lat' dir='ltr'><strong>laus</strong></span> <span class='ocrx_word' id='word_1_676' title='bbox 1111 2946 1241 2984; x_wconf 89' lang='lat' dir='ltr'><strong>denique</strong></span> <span class='ocrx_word' id='word_1_677' title='bbox 1253 2944 1387 2983; x_wconf 81' lang='lat' dir='ltr'><strong>reliquiis</strong></span> <span class='ocrx_word' id='word_1_678' title='bbox 1399 2943 1507 2974; x_wconf 81' lang='lat' dir='ltr'><strong>virium</strong></span> <span class='ocrx_word' id='word_1_679' title='bbox 1522 2944 1596 2983; x_wconf 86' lang='lat' dir='ltr'><strong>Cyri</strong></span> <span class='ocrx_word' id='word_1_680' title='bbox 1606 2945 1732 2976; x_wconf 67' lang='lat' dir='ltr'><strong>minoris</strong></span> 
     </span>
     <span class='ocr_line' id='line_1_119' title="bbox 1039 2987 1731 3028; baseline -0.001 -9"><span class='ocrx_word' id='word_1_681' title='bbox 1039 2999 1120 3024; x_wconf 73' lang='lat' dir='ltr'><strong>usus,</strong></span> <span class='ocrx_word' id='word_1_682' title='bbox 1136 2993 1200 3018; x_wconf 76' lang='lat' dir='ltr'><strong>tota</strong></span> <span class='ocrx_word' id='word_1_683' title='bbox 1216 2997 1300 3027; x_wconf 79' lang='lat' dir='ltr'><strong>paene</strong></span> <span class='ocrx_word' id='word_1_684' title='bbox 1316 2987 1389 3017; x_wconf 75' lang='lat' dir='ltr'><strong>Asia</strong></span> <span class='ocrx_word' id='word_1_685' title='bbox 1400 2987 1478 3017; x_wconf 80' lang='lat' dir='ltr'><strong>intra</strong></span> <span class='ocrx_word' id='word_1_686' title='bbox 1489 2987 1663 3028; x_wconf 64' lang='lat' dir='ltr'><strong>Halyn-situ</strong></span> <span class='ocrx_word' id='word_1_687' title='bbox 1676 2998 1731 3028; x_wconf 77' lang='lat' dir='ltr'><strong>po-</strong></span> 
     </span>
    </p>
   </div>
   <div class='ocr_carea' id='block_1_8' title="bbox 1886 2301 1924 3314">
    <p class='ocr_par' dir='ltr' id='par_1_8' title="bbox 1886 2301 1924 3314">
     <span class='ocr_line' id='line_1_120' title="bbox 1886 2301 1924 3314; baseline 0 0"><span class='ocrx_word' id='word_1_688' title='bbox 1886 2301 1924 3314; x_wconf 95' lang='lat' dir='ltr'><strong> </strong></span> 
     </span>
    </p>
   </div>
  </div>
 </body>
</html>
