1914 3314
245 199 352 247 388
717 199 1200 243 ΙΣΟΚΡΑΤΟΥΣ

248 315 402 382 αιρέσει
428 317 547 387 τριῶν
568 313 801 365 ταλάντων
826 310 1154 381 Ιοὶποὸομένους,
1176 312 1234 370 εἷς
1253 313 1361 374 οὓς-ἧ
1381 312 1511 372 πόλις
1534 313 1663 376 ⁹021&-

249 398 386 440 λώσεν
412 386 488 438 οὐκ
515 385 709 438 ἐλάττω·
719 385 876 452 χιλίων
911 384 1173 443 ramim-com
1213 385 1345 437 οἱλλαέ
1368 388 1452 455 μὴν
1476 385 1564 439 οῦδὲ
1581 392 1665 448 ’τῆν
1682 417 1704 441 c

249 462 481 534 πραότητα
506 457 681 517 δικαίως
712 459 766 509 'o'c'v
791 484 859 517 τις
883 457 1116 510 ἐπαινέσειε
1146 459 1222 518 τὴν
1257 456 1618 528 ἓκεῖνωνμᾶλλον
1641 460 1668 521 ἢ

250 537 326 594 τὴν
350 532 456 584 3τοῧ
481 531 624 600 δήμου.
663 532 700 582 οἷ
723 531 799 601 μὲν
821 531 910 597 γοὶρ
934 529 1199 598 ψηφίσμασι
1227 533 1567 597 παραλαβόντες
1592 533 1669 593 τῆν

248 605 380 658 πόλιν
405 604 718 662 πεντακοσίους
743 603 820 673 μὲν
840 602 917 655 καὶ
943 604 1116 668 χιλίους
1142 605 1227 654 τῶν
1252 605 1451 655 πολιτῶν
1469 604 1671 677 α’κξῖτους

247 679 528 740 οἷσι-ἔκτειναν,
558 677 615 736 εἷς
647 675 686 728 δὲ
722 678 795 728 τὸν
822 677 1008 748 Πειραιοῖ
1033 678 1215 741 4φυγεῖν
1236 674 1479 738 5’πλεῖουςῆ
1505 700 1672 729 ‘nen-ra·-

249 751 497 818 κισχιλιόυς
517 751 800 816 ἠνάγκασαν·
824 750 860 801 οἱ
886 747 926 801 δὲ
953 752 1252 824 κρατήσαντες
1285 749 1362 801 καὶ
1388 749 1492 820 μεθ’
1517 748 1673 802 ’ὄπι-λων

291 858 301 877 ¹
323 855 530 895 ἂποδιδομένους
543 858 578 885 Α.
589 856 625 885 L.

499 898 511 917 ⁴
532 899 638 937 φεύγειν
651 899 688 927 Α.
701 898 737 927 C.
754 898 788 926 1..

249 982 416 1023 pocratiom
427 987 457 1012 et
468 983 504 1012 ad
522 992 589 1012 eum
603 981 744 1011 Valesius
758 991 790 1020 p.
805 982 856 1011 54.
879 981 940 1010 An-

247 1025 414 1065 tiquissima
424 1024 648 1055 Atheniensium
658 1024 774 1053 navalia
784 1028 852 1053 aute
860 1023 939 1053 Xer-

247 1067 449 1107 xis-tempora
461 1072 544 1097 erant
558 1066 587 1096 in
603 1073 692 1105 portu
710 1066 851 1101 Phalero‚
864 1070 940 1094 teste

248 1111 410 1140 Herodoto
424 1111 479 1139 VI.
496 1111 568 1139 116.
586 1114 693 1148 postea
708 1119 725 1137 a
739 1108 940 1137 Themistocle

249 1153 281 1182 in
289 1153 437 1183 Piraeeum
453 1153 596 1182 translatu
611 1157 690 1180 sunt.
708 1151 778 1180 Vid.
792 1150 941 1179 Mearsius

248 1194 278 1224 iu
292 1195 411 1225 Piraeeo
421 1196 494 1233 Cap.
506 1195 546 1223 X.
561 1200 590 1223 et
602 1194 667 1223 111.
683 1194 790 1228 Locus»,
801 1193 850 1221 ubi
862 1194 942 1231 ejus-

249 1238 331 1267 modi
358 1238 475 1267 navalia
506 1242 600 1270 eraut,
630 1235 788 1264 dicebatur
816 1233 941 1264 ἐπίνειον.

249 1280 297 1309 Cf.
312 1279 413 1310 Schol.
427 1279 562 1317 Thucyd.
579 1279 616 1307 ad
633 1279 660 1307 I.
678 1280 729 1307 30.
745 1278 790 1306 11.
808 1279 858 1306 84.
903 1277 943 1306 Et

250 1322 391 1352 videntur
401 1322 495 1351 fuisse
511 1322 577 1350 loca
591 1326 685 1349 tecta:
701 1325 782 1349 certe
798 1319 943 1356 Xenoph.

251 1364 337 1394 Hist.
347 1365 401 1393 Gr.
412 1364 471 1394 IV.
486 1374 516 1402 p.
528 1365 601 1394 5⁶23.
618 1364 652 1392 E.
666 1367 810 1391 memorat
821 1364 859 1390 τὰ
874 1360 942 1398 τέγη

249 1409 305 1436 ’τῶν
317 1406 472 1442 νεωσοίκων,
487 1415 651 1445 quanquam
668 1404 709 1433 ibi
726 1404 765 1432 de
782 1403 942 1432 Athenien·

251 1449 328 1478 sium
343 1449 498 1478 navalibus
514 1458 570 1476 non
588 1447 727 1485 loquitur.
750 1447 856 1474 IDEM.

292 1491 326 1521 Οἳ
345 1489 399 1529 μὲν
417 1494 470 1529 γὰξ
487 1489 658 1528 ψηφίσματι
672 1487 882 1527 παξαλαβὸντες
895 1489 942 1517 τὴν

251 1533 346 1573 πόλιν]
370 1535 438 1571 Quo
450 1533 567 1562 scilicet
576 1537 717 1560 statutum
735 1535 797 1559 erat
811 1534 842 1559 ut
852 1531 941 1558 Sena-

251 1580 314 1605 tum
339 1576 529 1614 reliquosque
554 1574 746 1612 magistratus
776 1572 942 1601 constitue-

198 1638 200 1640 *
251 1623 329 1653 rent,
352 1623 382 1647 et
409 1618 492 1656 leges
517 1617 751 1651 conscriberent,
777 1615 942 1644 secuudum

251 1670 324 1699 quas
351 1661 441 1698 Resp.
468 1658 740 1688 administraretur.
785 1657 942 1686 Posterius

252 1703 468 1740 neglexerunt:
497 1702 582 1740 prius
606 1711 644 1729 ex
667 1699 772 1729 amicis
797 1700 942 1729 fecerunt.

251 1744 322 1774 Vid.
344 1744 485 1784 Xenoph.
508 1754 538 1782 p.
560 1745 634 1773 461.
658 1745 732 1772 462.
763 1742 855 1772 Diod.
880 1742 943 1771 Sic.

251 1787 343 1817 XIV.
355 1789 387 1816 4.
409 1787 516 1816 lum.

293 1828 489 1862 neri-amiam,-
499 1828 552 1867 μὲν
560 1827 608 1856 καὶ
622 1827 730 1868 χιλίους
738 1829 793 1856 τῶν
803 1837 837 1856 π.
852 1827 881 1855 ἆ.
897 1826 943 1865 οὶ]

251 1872 338 1901 Idem
354 1872 447 1901 refert
461 1873 531 1900 adv.
545 1871 699 1899 Lochitem
710 1881 741 1908 p.
755 1871 829 1899 397.
843 1870 883 1898 D.
907 1869 944 1898 In

252 1914 366 1953 Paneg.
384 1914 409 1953 §.
429 1913 487 1946 λΒ’.
503 1914 604 1952 plures
619 1912 714 1942 tribus
729 1912 883 1941 mensibus
900 1911 944 1940 iu-

251 1957 333 1986 dicta
352 1967 442 1986 causa
456 1957 493 1985 ab
511 1956 549 1985 iis
565 1955 741 1984 interfectos
759 1965 826 1984 esse
840 1954 944 1989 refert,

251 2009 339 2038 quam
356 1999 465 2028 civitas
481 2009 533 2037 per
550 1998 719 2027 universum
735 1996 853 2035 imperii
870 2002 944 2025 tern-

252 2051 310 2080 pus
320 2042 566 2071 condemnasset:
592 2041 641 2069 ubi
655 2040 693 2069 cs.
707 2040 820 2068 Morus.
867 2039 942 2068 Rem

252 2088 371 2113 narrant
401 2083 489 2113 etiam
516 2083 676 2113 AEschines
705 2083 742 2110 cle
770 2082 860 2112 Falsa
885 2082 943 2120 leg.

253 2126 278 2165 ᾧ.
295 2125 347 2156 κδ’.
362 2132 467 2156 contra
479 2126 614 2163 Ctesiph.
629 2125 655 2164 ξ.
670 2123 739 2158 eug-¹.
763 2124 944 2153 Heraclides

252 2169 291 2198 de
315 2170 403 2198 Polit.
427 2179 457 2206 p.
480 2172 509 2199 ⁶2.
541 2169 633 2205 Diog.
653 2167 754 2196 Laert.
775 2167 803 2195 in
825 2167 944 2195 Zenone

253 2220 284 2248 p.
304 2213 376 2242 437.
414 2211 472 2241 Ed.
497 2212 625 2240 Casaub.
651 2209 740 2238 habet
765 2208 872 2249 χιλίους
895 2209 942 2238 καὶ

252 2252 454 2292 verenae-iove,
474 2263 561 2292 quem
587 2252 702 2281 librarii
725 2261 853 2281 errorem
878 2261 945 2280 esse

253 2301 358 2324 censet
369 2297 480 2325 Coraes
492 2296 528 2324 ad
541 2297 568 2325 h.
577 2296 598 2323 1.
627 2295 697 2324 Nou
710 2289 812 2324 adilito
823 2303 944 2323 numero

252 2337 346 2366 refert
370 2339 476 2376 Lysias
496 2339 565 2367 adv.
589 2337 737 2366 Eratosth.
758 2346 789 2375 p.
812 2337 838 2375 §.
859 2335 888 2366 ε’.
905 2335 944 2365 ιε’.

255 2379 316 2409 Pro
332 2380 486 2418 Aristoph.
500 2381 583 2409 bonis
599 2380 624 2419 ς.
640 2378 678 2411 Β’.
693 2379 733 2408 ita
750 2379 945 2417 interemptos

254 2421 299 2451 ait
321 2422 538 2460 Nicophemum
563 2428 591 2451 et
615 2421 858 2460 Aristophanem.
909 2421 944 2450 In

254 2463 360 2502 primis
382 2475 433 2494 eos
457 2464 634 2494 interfecere
649 2464 700 2502 qui
719 2464 830 2493 virtute
851 2467 880 2492 et
901 2464 945 2492 di·

255 2506 341 2536 vitiis
358 2507 538 2539 eminebant.
557 2508 633 2536 unde
657 2507 806 2535 Isocrates
829 2505 945 2535 Amart.

255 2557 285 2586 p.
303 2550 374 2579 402.
387 2548 426 2579 A.
443 2550 484 2578 ait
499 2559 535 2577 eo
553 2555 685 2589 tempore
701 2548 837 2588 δεινότεςον
851 2548 945 2577 fuisse

256 2593 387 2620 πλουτεῖν
407 2590 421 2621 ἢ
439 2592 548 2620 ἀδικεῖν.
575 2592 620 2620 Cf.
644 2591 750 2630 Lysias
774 2593 829 2620 Pro
850 2591 946 2620 Niciae

257 2633 345 2663 bonis
360 2633 384 2672 §.
399 2633 431 2663 η’.
461 2633 575 2662 Fictam
593 2634 826 2663 moderationem
842 2643 947 2662 couse-

255 2681 326 2706 outa
339 2683 386 2705 est
401 2681 481 2705 tanta
497 2676 672 2705 crudelitas:
697 2686 754 2714 qua
766 2677 803 2704 de
818 2686 850 2704 re
863 2685 947 2713 egre-

257 2717 306 2758 gia
317 2722 385 2748 sunt
400 2718 464 2747 loca
476 2718 608 2748 Sallustii
622 2719 660 2747 de
676 2718 754 2747 bello
767 2718 832 2747 Cat.
846 2720 881 2747 C.
895 2721 946 2748 51.

257 2766 288 2790 et
301 2761 392 2791 Diod.
406 2760 468 2791 Sic.
481 2761 613 2791 xlv.4.
626 2761 675 2790 ubi
690 2761 729 2789 cs.
739 2760 779 2789 w
787 2761 875 2790 essel.
900 2761 947 2789 De

257 2808 359 2833 nostro
383 2803 461 2838 loco,
478 2803 521 2832 uti
546 2808 577 2832 et
599 2803 737 2832 universe
761 2803 799 2831 de
823 2803 948 2832 historia

258 2845 375 2875 XXX.
406 2845 549 2880 virorum,
577 2855 673 2884 pauca
701 2845 834 2883 quaedam
865 2845 948 2874 dedit

257 2888 433 2918 Hemsterh.
452 2888 489 2917 ad
512 2887 613 2917 Scliol.
635 2887 791 2925 Aristoph.
816 2888 843 2916 in
866 2887 947 2917 Plut.

258 2940 290 2969 p.
302 2933 374 2961 440.
385 2934 416 2960 et
430 2941 475 2969 sq.
489 2947 531 2953 -
543 2929 672 2969 Ἀκξιτος
689 2929 839 2966 Harpocr.
855 2929 948 2959 inter-

258 2973 610 3012 pretaturcissu'zngtmffld
621 2982 706 3011 quem
717 2972 753 3000 cf.
767 2971 864 3000 vales.
878 2982 906 3009 p.
918 2975 948 3001 5.

803 855 816 873 ²
837 855 975 883 ἀνάλωσεν
990 855 1024 883 C.

1193 852 1206 871 ³
1227 855 1276 886 τιῖς
1290 851 1478 893 δημοκρατίας
1494 855 1531 884 A.
1546 854 1582 884 C·
1598 854 1633 884 L-

1156 895 1171 913 ⁵
1192 895 1319 930 πλείονας
1333 897 1370 925 Α.
1386 897 1422 926 L.

975 979 1102 1017 Quinam
1124 989 1195 1008 vere
1215 978 1275 1009 dici
1293 980 1410 1019 possint
1427 979 1544 1020 ἄκριτοι,
1564 980 1672 1020 Lysias

975 1023 1128 1058 eleganter
1145 1022 1235 1050 docet
1255 1023 1324 1051 adv.
1342 1023 1445 1060 Epicr.
1465 1022 1491 1061 §.
1507 1022 1545 1055 θ’.
1566 1024 1670 1054 Inna.

1018 1064 1064 1096 Εἰς
1078 1063 1105 1093 δὲ
1121 1062 1168 1093 τὸν
1181 1066 1297 1102 nugaci
1316 1066 1412 1103 φυγεῖν
1432 1063 1557 1099 πλείονας
1571 1064 1585 1095 ἢ
1601 1075 1673 1095 πνεν-

973 1104 1172 1147 τακισχιλίους
1195 1107 1369 1147 heym-vav]
1407 1112 1415 1124 ¹
1443 1108 1528 1136 Metu
1557 1107 1673 1147 (iuquit

976 1147 1124 1188 wolfius)
1138 1158 1174 1177 ne
1189 1155 1219 1178 et
1235 1148 1292 1188 ipsi
1315 1159 1369 1187 per
1391 1150 1527 1187 injuriam
1551 1151 1672 1179 occide·

975 1190 1100 1220 rentur.'
1126 1191 1218 1220 Recte
1233 1201 1240 1219 ε
1265 1191 1308 1220 sic
1322 1192 1399 1221 enim
1425 1190 1589 1229 ἀναγκάζειν
1604 1193 1633 1221 h.
1648 1192 1672 1222 1.

976 1233 1221 1270 intelligendum:
1246 1234 1417 1263 crudelitate
1442 1243 1494 1263 suu
1515 1232 1673 1274 effecerunt

975 1280 1010 1304 ut
1025 1276 1057 1304 in
1077 1275 1220 1305 Piroeeum
1235 1274 1392 1315 confugere
1405 1283 1575 1316 cogerentur
1589 1277 1673 1316 quin-

975 1327 1028 1356 que
1059 1317 1152 1347 millia
1182 1317 1337 1347 hominum.
1377 1319 1552 1358 Eodemque
1583 1319 1673 1348 modo

975 1359 1182 1397 accipiendum
1218 1360 1297 1398 apud
1332 1360 1499 1390 Diodorum
1536 1360 1673 1390 Siculum

976 1401 1066 1430 XIV.
1083 1404 1135 1431 32.
1146 1400 1309 1440 μετῴκισαν
1319 1401 1418 1434 αὐτοὺς
1431 1402 1468 1435 εἷς
1478 1401 1525 1432 τᾶν
1534 1401 1673 1441 Πειραιέα.

973 1441 1129 1482 effecerunt
1146 1450 1178 1472 ut
1197 1447 1227 1473 in
1246 1443 1388 1474 Piraeeum
1403 1443 1563 1473 habitatum
1578 1453 1675 1474 conoe-1

974 1486 1084 1515 der-ent.
1117 1486 1198 1522 Quid
1227 1496 1315 1524 porro
1339 1487 1377 1515 de
1407 1486 1468 1515 illis
1489 1489 1599 1516 sactum
1622 1486 1676 1527 sit,

977 1528 1148 1566 Xenophon
1174 1529 1264 1557 docet
1288 1529 1323 1557 L.
1340 1528 1385 1557 Π.
1400 1539 1432 1567 p.
1453 1531 1526 1557 470.
1546 1530 1586 1558 D.
1607 1535 1675 1567 φευ-

975 1569 1076 1607 γέντων
1086 1570 1114 1600 δὲ
1128 1569 1155 1604 ἒς
1169 1571 1215 1600 τὸν
1223 1572 1347 1610 Πειραιιῖ,
1360 1571 1407 1599 καὶ
1420 1569 1545 1600 ἐντεῦθεν
1555 1572 1677 1605 πολλοὺς

975 1612 1097 1650 kyon-55,
1111 1612 1264 1643 ἐνέπλησαν
1285 1613 1332 1642 καὶ
1359 1615 1398 1642 τὰ
1415 1612 1532 1652 Μέγαςα
1554 1614 1602 1643 καὶ
1620 1614 1677 1647 τὰς

976 1655 1070 1689 ΘῆΒας
1093 1658 1146 1685 τῶν
1171 1655 1390 1696 ὑποχωρούντων.
1420 1657 1482 1686 Eos
1501 1655 1550 1695 qui
1575 1656 1604 1685 in
1621 1656 1675 1685 Pi-

975 1708 1087 1727 raeeum
1116 1699 1304 1736 aufugerent,
1327 1708 1364 1727 eo
1393 1698 1518 1728 consilio
1541 1702 1574 1727 ut
1603 1698 1676 1728 inde

976 1741 1104 1770 navibus
1124 1741 1322 1775 elaberentur,
1337 1744 1556 1779 persequentes
1571 1739 1675 1770 XXX.

976 1783 1106 1821 tyranni,
1119 1782 1260 1823 fecerunt
1277 1788 1313 1811 ut
1331 1782 1429 1812 Thebae
1449 1791 1478 1812 et
1494 1782 1616 1821 Megara
1629 1792 1675 1812 re-

975 1825 1125 1863 plerentur
1151 1826 1305 1854 exsulibus.
1355 1825 1428 1854 Vid.
1459 1824 1509 1855 Cl.
1537 1825 1677 1863 Wytten·

980 1867 1078 1896 bachii
1107 1867 1275 1897 Annotatio
1299 1877 1330 1906 p.
1346 1869 1421 1898 406.
1450 1866 1602 1897 Caeterum
1625 1877 1678 1896 nu-

977 1920 1089 1939 merum
1108 1911 1248 1939 exsulum
1263 1919 1408 1948 nusquam
1422 1909 1496 1939 alibi
1518 1920 1565 1939 me
1584 1909 1678 1939 tradi-

978 1957 1038 1981 tum
1055 1952 1187 1982 invenire
1200 1952 1330 1981 memini.
1352 1951 1457 1981 Inna.

1026 1995 1060 2024 Οἳ
1083 1994 1111 2023 δὲ
1135 1995 1442 2036 κρατήσαντες-τῶν
1465 1993 1676 2034 κατελθόντων]

977 2038 1010 2066 Οἱ
1025 2036 1053 2066 δὲ
1070 2043 1135 2066 sunt
1151 2037 1268 2072 exsules,
1285 2036 1335 2076 qui
1350 2037 1459 2075 partim
1473 2036 1502 2065 in
1513 2037 1678 2072 Piraeeum,

979 2081 1084 2117 partim
1116 2080 1145 2109 in
1173 2081 1230 2109 alia
1258 2080 1337 2113 luca,
1370 2080 1534 2117 Megaram,
1548 2079 1678 2114 Thebas,

978 2123 1163 2161 aufugerant.
1188 2124 1228 2151 Hi
1244 2121 1445 2161 κςατίισαντες,
1460 2122 1581 2150 victoria
1594 2122 1679 2158 potiti

977 2165 1059 2198 (ausi
1076 2165 1152 2194 enim
1169 2170 1252 2194 erant
1266 2165 1343 2193 duce
1365 2163 1552 2201 Thrasybulo
1572 2168 1678 2192 κατελ-

978 2207 1074 2241 θόντες
1087 2208 1221 2245 πολεμεῖν
1239 2206 1306 2244 ὑπὲρ
1327 2207 1378 2238 τῆς
1393 2203 1562 2244 ἓλευθεξίας,
1581 2210 1613 2234 ut
1627 2215 1678 2234 su-

979 2260 1031 2288 pra
1055 2249 1160 2287 dixit).
1176 2250 1223 2278 καὶ
1247 2246 1320 2287 μεθ’
1345 2247 1436 2278 ὅπλων
1462 2247 1620 2286 μετιόντες,
1650 2253 1678 2276 et

977 2293 1064 2321 armis
1079 2293 1229 2331 persecuti,
1252 2292 1367 2325 hostes,
1391 2290 1514 2329 triginta
1535 2294 1677 2328 tyrannos

978 2344 1139 2373 eorumque
1156 2334 1271 2372 copias,
1287 2338 1322 2362 ut.
1343 2343 1399 2361 non
1418 2342 1496 2371 opus
1513 2331 1554 2361 sit
1571 2331 1676 2361 Wolffi

978 2379 1148 2415 conjectura
1163 2376 1312 2409 κατιέντες,
1335 2376 1484 2404 redeuntes
1507 2374 1544 2404 ab
1564 2375 1677 2404 exsilio.-

980 2419 1104 2448 victoria
1117 2419 1192 2448 enim
1208 2423 1332 2456 accepta
1348 2428 1401 2447 eos
1418 2418 1519 2446 hostes
1536 2425 1677 2455 persecu-

980 2467 1028 2490 tos
1043 2472 1122 2495 esse,
1135 2462 1247 2490 diserte
1261 2461 1435 2499 Xenophon
1447 2460 1540 2489 refert
1561 2462 1677 2497 p.4⁷1.

978 2504 1013 2533 C.
1028 2510 1058 2533 et
1074 2506 1147 2533 474.
1161 2504 1199 2533 B.
1223 2503 1323 2536 αὐτοὺς
1336 2504 1400 2535 τοὺς
1420 2501 1610 2535 αἲτιαντότους
1623 2502 1678 2530 τῦν

977 2548 1067 2575 κακῶν
1081 2545 1351 2580 ἄνελᾶντες,ειιὺ1αιὶ.ς
1361 2555 1418 2574 nou
1427 2545 1482 2573 nisi
1495 2544 1546 2583 qui
1559 2544 1679 2572 maxime

979 2589 1119 2618 malorum
1136 2587 1410 2628 auctoresfnemnt.
1433 2585 1530 2616 Critia
1545 2589 1576 2614 et
1596 2585 1677 2624 Hip-

981 2632 1127 2670 pomacho
1152 2641 1168 2660 e
1192 2631 1328 2668 triginta,
1344 2628 1506 2660 Charmide
1531 2637 1548 2656 e
1570 2628 1677 2657 decem

981 2674 1132 2712 praefectis
1170 2673 1278 2702 Piraeei
1316 2672 1419 2711 praelio
1458 2670 1547 2700 oaesis
1586 2669 1678 2710 (vid.

982 2716 1123 2755 Xenoph.
1139 2717 1161 2746 l.
1179 2715 1235 2751 c.)‚
1251 2715 1370 2744 tandem
1389 2712 1545 2743 Pausaniae
1559 2722 1679 2750 quoque

980 2768 1072 2798 opera
1088 2769 1135 2788 res
1149 2769 1184 2788 eo
1199 2758 1330 2787 deducta
1346 2760 1404 2790 est,
1427 2761 1458 2784 ut
1481 2764 1540 2793 pax
1556 2754 1679 2784 restitu-

980 2806 1092 2835 eretur,
1116 2806 1148 2830 et
1169 2799 1384 2839 unusquisque,
1405 2797 1525 2835 exceptis
1553 2797 1679 2836 triginta

980 2845 1123 2883 tyrannis,
1135 2847 1164 2873 et
1183 2841 1400 2874 Undecimviris,
1413 2844 1441 2869 et
1461 2839 1556 2868 decern
1576 2838 1680 2869 Piraei

978 2884 1131 2926 prefectis.
1147 2886 1182 2914 ad
1212 2894 1266 2914 sua
1290 2883 1403 2912 abiret:
1438 2891 1492 2911 nec
1518 2881 1560 2911 ita
1585 2881 1680 2910 multo

981 2927 1248 2967 postjurejurando
1257 2936 1289 2954 se
1299 2921 1560 2963 obstrinxerunt,'r'i
1574 2925 1680 2962 μῆνμῆ

980 2970 1206 3008 μνησικακήσων,
1221 2969 1401 3006 injuriarum
1417 2977 1471 2996 nnn
1486 2967 1609 3004 amplius
1623 2967 1680 2995 mc-

1907 1069 1910 1076 ·
1887 505 1914 1057 ρ--οκὶ-Μῡ-,ωο
1904 479 1906 482 -

1901 1726 1910 1761 -·’
1904 1709 1910 1714 ·
1899 1534 1914 1692 'eta-5³2
