1924 3314
468 201 530 243 IN
566 199 920 243 ISOCRATEM
956 200 1287 243 DIATRIBAE.
1562 202 1616 245 47

150 319 300 369 Καρίας
328 317 453 368 ’κύριος
484 319 670 371 ὑπῆρχεν.
729 316 826 356 Ideo
851 322 987 355 ‘autem
1021 316 1076 355 ita
1107 316 1358 368 interpretor,
1387 317 1494 369 quod
1515 318 1623 357 nihil

151 380 328 420 aliudest
341 380 430 431 (nisi
451 381 539 431 quis
556 380 686 419 malit:
717 379 822 431 quod
840 379 946 417 nihil
961 378 1076 418 aliud
1092 378 1249 430 sonat),
1272 383 1456 431 quoniam
1471 382 1619 430 scribo,

150 444 169 481 ὃ
190 443 294 481 οὐδὲν
316 442 438 492 ἕτερον
457 442 518 490 ἦν,
539 443 594 480 vel
616 444 744 493 potius
764 442 857 480 ἐστι’.
914 443 966 479 At
989 454 1081 478 vero
1098 444 1203 493 apud
1226 444 1383 481 Suidam
1408 444 1618 482 mendosus

151 499 266 544 e‘tiam
294 506 433 555 legitur
455 505 516 543 hie
547 506 681 543 locus:
713 504 765 542 ita
794 503 989 546 videlicet,
1019 504 1060 546 ὃς
1091 504 1199 542 οὐδὲν
1228 504 1382 556 ὕστερον
1412 505 1458 552 ἧν
1484 508 1505 551 ἢ
1526 509 1621 545 κατὰ

153 571 388 618 σατραπείαν
419 568 571 616 Καρίας
597 569 730 615 κύριος.
788 566 886 603 Haec
907 571 1038 603 autem
1060 566 1178 604 verba
1200 566 1253 604 ita
1270 567 1379 604 reddi
1401 580 1517 617 posse
1537 568 1619 606 exi-

154 629 293 668 stimo:
322 642 394 680 per
419 629 652 679 satrapeiam
684 627 773 677 (nisi
805 628 892 678 quis
928 627 1036 665 malit
1069 628 1279 679 satrapeiae
1295 629 1411 679 jare)
1440 628 1622 668 dominus

154 692 297 738 Carice,
328 692 385 729 vel
421 691 552 729 Carice
584 690 763 729 dominns
791 694 926 740 utpote
959 694 1135 741 satrapa.
1193 690 1389 740 Interpres
1424 691 1498 729 boc
1532 692 1620 730 loco

151 753 288 791 vertit:
322 753 452 792 Cariae
482 764 642 803 praeses.
700 751 858 802 Legitur
885 757 1014 789 autem
1047 752 1086 788 in
1118 751 1194 788 alio
1223 752 1398 801 ejusdem
1429 753 1620 791 orationis

151 814 243 852 loco
276 818 308 862 ξ.
330 813 397 851 λὲ’.
429 816 488 850 καὶ
514 813 754 861 προστάττων
787 813 812 848 (ἲ
842 815 918 863 χρὴ
960 818 1082 851 ποιεῖν
1114 812 1306 858 ἑκάστους,
1345 817 1406 851 καὶ
1438 815 1621 865 μονονοὺκ

149 876 218 923 (ita
238 876 339 912 enim
362 874 493 923 potius
513 872 764 910 scribendum
788 886 904 922 quam
921 872 1119 922 disjuncte
1138 875 1254 923 μόνον
1269 874 1349 922 οὐκ)
1367 874 1622 926 ἐπιστάθμους

149 937 191 974 ἐν
209 941 294 979 ταῖς
313 938 443 973 πόλεσι
459 933 659 977 καθιστάς.
691 933 769 972 Ubi
791 934 892 971 idem
914 934 1104 985 interpres
1119 934 1332 986 praefectos
1352 935 1495 974 reddit.
1526 937 1617 976 Non

152 997 313 1036 dubium
334 1004 394 1036 est
421 1004 550 1035 tamen
579 997 671 1046 quin
693 998 830 1034 eadem
861 997 1071 1046 utrobique
1102 997 1218 1046 hujus
1249 998 1429 1035 vocabuli
1457 1012 1542 1037 esse
1564 1000 1621 1039 in-

150 1052 381 1109 terpretatio
401 1059 560 1096 debeat.
580 1071 664 1096 nam
684 1064 722 1096 et
740 1058 802 1096 hic
822 1058 871 1096 de
885 1072 974 1109 rege
991 1059 1192 1097 Persarum
1209 1060 1345 1110 agitur,
1362 1060 1621 1113 ἐπιστάθμους

150 1121 189 1160 in
211 1122 383 1166 Graecia,
407 1134 483 1159 non
505 1133 615 1158 secus
636 1133 753 1171 quam
775 1121 813 1157 in
830 1120 921 1158 Asia
942 1133 1026 1165 sua,
1045 1121 1323 1160 constituente.

205 1183 464 1222 HHEIPON.
500 1185 654 1230 συνηθές
682 1183 761 1221 ἐστι
790 1187 840 1236 τῷ
873 1184 1073 1234 Ι’σοκρ(ἰτει
1104 1186 1171 1229 τὴν
1191 1186 1260 1222 ὑπὸ
1288 1188 1335 1237 τῷ
1361 1183 1517 1232 βασιλεῖ
1547 1194 1621 1226 τῶν

149 1245 308 1299 Περσῶν
325 1254 398 1296 γῆν
417 1246 509 1285 οὕτω
525 1250 666 1285 καλεῖν.
688 1249 805 1299 ὥςπερ
821 1246 861 1285 ’έν
881 1264 918 1286 τε
933 1247 1141 1300 Φιλιππικῷ
1164 1251 1225 1287 καὶ
1239 1249 1471 1303 Ἀρχιδάμῳ.
1494 1252 1620 1291 HAR-

154 1319 355 1348 POCRAT.

203 1370 465 1409 HHEIPON.
497 1369 545 1408 In
565 1383 668 1408 more
688 1370 803 1409 habet
825 1371 1014 1410 Isocrates
1033 1373 1230 1424 regionem
1253 1387 1340 1426 quae
1359 1381 1415 1414 est
1428 1376 1499 1415 sub
1514 1379 1623 1429 regis

153 1433 369 1471 Persarum
398 1433 563 1479 ditione,
598 1434 656 1471 ita
685 1445 843 1471 vocare:
874 1439 919 1471 ut
950 1435 991 1472 in
1023 1435 1262 1487 Philippica
1288 1439 1481 1484 oratione,
1512 1444 1551 1477 et
1576 1441 1619 1478 in

151 1493 406 1533 Archidamo.
446 1494 510 1531 Sic
532 1501 660 1532 autem
683 1501 721 1532 et
739 1499 961 1546 ἠπειρώτας,
983 1509 1050 1534 eos
1071 1498 1215 1546 quibus
1234 1512 1301 1536 rex
1322 1499 1526 1539 Persarum
1549 1502 1619 1540 im-

152 1557 333 1607 perabat,
355 1555 619 1606 appellantem
649 1556 831 1594 audimus
850 1558 888 1595 in
912 1558 1055 1609 Paneg.
1075 1562 1105 1606 ξ.
1126 1557 1209 1611 μβ’,
1240 1566 1319 1604 τοῖς
1340 1561 1366 1599 δ’
1387 1567 1620 1613 ἠπειρώταις,

153 1617 227 1656 οὐδ’
247 1617 338 1655 ὅταν
359 1615 398 1654 εὖ
419 1617 613 1668 πάσχωσι,
634 1618 747 1668 χάριν
767 1621 913 1657 ἰ’σασιν.
947 1620 1013 1657 ubi
1034 1621 1224 1671 interpres
1245 1635 1318 1673 pro
1346 1623 1531 1675 Epirotis,
1554 1640 1621 1664 seu

153 1680 263 1731 Epiri
293 1680 446 1727 incolis,
485 1679 657 1718 Asianos
687 1681 801 1719 dixit.
861 1684 920 1719 Ac
955 1684 1114 1721 eosdem
1135 1691 1242 1723 certe
1269 1685 1354 1731 τοὺς
1388 1692 1455 1735 τὴν
1482 1692 1620 1729 Ἀσίαν

153 1746 412 1785 κατοικοῦντας
441 1749 556 1780 vocat
584 1742 776 1780 Isocrates
804 1743 840 1780 in
874 1744 1039 1783 Panatb.
1068 1745 1134 1783 ubi
1162 1747 1276 1784 etiam
1307 1750 1622 1791 subaudiendum

152 1812 211 1843 est
236 1802 472 1855 βαρβάρους,
503 1803 606 1842 sicut
633 1817 678 1841 ex
714 1805 969 1854 sequentibus
997 1814 1174 1858 apparet.
1234 1809 1293 1847 Ita
1315 1811 1417 1848 enim
1446 1812 1499 1849 ibi
1527 1815 1622 1853 scri-

152 1874 261 1919 ptum
283 1874 340 1905 est
362 1871 391 1913 §.
412 1867 459 1905 λ’.
481 1869 523 1904 οὗ
543 1869 661 1918 μόνον
680 1866 774 1918 πρὸς
803 1869 979 1913 ἅπαντας
999 1869 1084 1913 τούς
1104 1874 1171 1917 τὴν
1200 1873 1337 1911 Ἀσίαν
1363 1882 1622 1922 κατοικοῦντας

152 1933 255 1969 ἀλλὰ
275 1923 333 1968 καὶ
353 1930 445 1982 πρὸς
461 1932 562 1967 ἄλλα
585 1932 675 1979 γένη
695 1933 821 1968 πολλὰ
840 1938 913 1969 τῶν
929 1931 1143 1983 βάρβάρων
1164 1934 1395 1974 κινὲυνεῦων.
1454 1938 1553 1977 Nam
1576 1954 1624 1979 ex

152 2007 200 2031 eo
233 1992 338 2044 quod
373 1991 591 2043 subjungit,
621 1992 715 2044 πρὸς
743 1995 847 2031 ἄλλα
879 1997 973 2043 γένη
1002 1998 1127 2033 πολλὰ
1157 2003 1230 2035 τῶν
1255 1996 1480 2051 βαρβάρων,
1513 2015 1552 2040 se
1582 2011 1622 2042 et

152 2055 320 2093 Asianos
351 2067 484 2092 omnes
522 2067 593 2104 pro
627 2055 798 2093 barbaris
834 2056 979 2094 habere
1012 2058 1202 2097 ostendit.
1275 2061 1455 2100 Fortasse
1490 2069 1621 2104 tamen

152 2116 319 2167 objiciet
352 2116 544 2167 quispiam
565 2130 723 2155 necesse
757 2130 832 2155 non
860 2131 944 2156 esse
975 2133 1024 2157 ex
1045 2121 1299 2170 sequentibus
1326 2123 1379 2160 ibi
1409 2125 1621 2166 subaudire

149 2177 386 2230 βαρβάρους,
406 2192 537 2230 quum,
554 2179 613 2216 vet
629 2179 801 2217 Isocrate
823 2186 991 2226 tacente,
1009 2194 1056 2218 ex
1077 2182 1161 2219 aliis
1179 2182 1265 2231 ejus
1286 2183 1383 2222 locis
1400 2193 1439 2224 et
1456 2187 1618 2228 aliorum

151 2243 269 2281 etiam
311 2241 542 2292 quibusdam
580 2254 651 2291 pro
693 2242 867 2281 barbaris
907 2243 1065 2282 habitos
1103 2252 1271 2283 constet.
1344 2247 1494 2287 Eodem
1527 2265 1619 2290 vero

151 2304 298 2343 dicitur
319 2304 436 2341 niodo
457 2303 494 2341 in
517 2303 689 2355 Philipp.
705 2308 736 2352 ξ.
754 2304 796 2342 δ’.
815 2307 868 2349 εἷς
887 2308 954 2352 τὴν
978 2306 1119 2344 Ἀσίαν
1138 2306 1204 2345 τὸν
1219 2308 1386 2360 πόλεμον
1404 2311 1619 2361 ἐξενεγκεῖν.

151 2368 205 2406 At
224 2367 261 2404 in
281 2367 472 2417 Panegyr.
493 2369 524 2414 ξ.
547 2367 595 2415 γ’.
617 2366 714 2404 dans
738 2367 838 2405 idem
860 2368 1078 2415 consilium,
1102 2368 1216 2408 dicit:
1249 2375 1351 2427 κοινῇ
1370 2378 1449 2417 τοῖς
1468 2373 1620 2427 βαρβά-

151 2446 230 2481 ροις
249 2431 534 2480 πολεμήσωμεν.
566 2429 708 2478 quibus
728 2429 856 2467 verbis
879 2429 1040 2481 praefixa
1063 2437 1152 2469 sunt
1173 2431 1266 2473 ista:
1298 2439 1533 2487 παυσάμενοι
1553 2446 1619 2485 τῆς

149 2492 244 2544 πρὸς
262 2494 362 2544 ἡμᾶς
389 2492 521 2534 αὐτοὺς
551 2494 792 2543 φιλονεικίας.
824 2492 924 2530 sicut
946 2492 1010 2530 illo
1030 2492 1153 2531 altero
1183 2493 1220 2532 in
1253 2494 1343 2533 loco
1369 2497 1453 2535 baec
1476 2500 1618 2540 verba:

149 2557 204 2598 εἷς
224 2558 291 2601 τὴν
309 2554 452 2592 Ἀσίαν
470 2553 533 2591 τὸν
553 2555 722 2603 πόλεμον
753 2555 954 2603 ἐξενεγκεῖν
971 2567 980 2592 2
1013 2556 1245 2605 praecedunt
1266 2557 1357 2595 ista:
1388 2562 1489 2605 πλὴν
1508 2565 1540 2600 εἷ
1561 2562 1619 2602 δό-

146 2621 214 2665 ξειε
235 2622 319 2659 ταῖς
345 2618 478 2655 πόλεσι
511 2612 595 2658 ταῖς
621 2621 836 2667 μεγίσταις,
862 2616 1156 2669 διαλυσαμέναις
1187 2622 1232 2657 τὰ
1252 2621 1345 2672 πρὸς
1366 2628 1464 2674 σφᾶς
1486 2627 1617 2669 αὐτάς.

148 2680 234 2719 Jam
257 2692 348 2717 vero
374 2679 411 2716 in
445 2677 581 2716 eadem
614 2679 790 2717 oratione
825 2679 1079 2730 Panegyricu,
1110 2687 1296 2732 tanquam
1328 2696 1375 2721 ex
1397 2685 1480 2723 aliis
1514 2687 1617 2727 idem

149 2741 354 2780 consilium
386 2752 622 2790 proponenS,
655 2740 793 2778 scribit
814 2744 845 2788 ξ.
865 2739 917 2787 β’.
938 2744 987 2784 ὡς
1007 2745 1094 2795 χρὴ,
1116 2742 1414 2796 διαλυσαμένους
1438 2750 1506 2791 τὰς
1524 2750 1619 2800 πρὸς

149 2806 248 2856 ἡμᾶς
282 2801 416 2846 αὐτοὺς
434 2801 575 2853 ’ἔχθρας
608 2803 667 2839 ἐπὶ
690 2801 895 2854 βάρβαρον
915 2806 1134 2853 τραπέσθαι.
1175 2806 1372 2845 Caeterum
1393 2808 1430 2846 in
1452 2810 1617 2849 Panath.

151 2866 321 2916 Europae
338 2860 460 2902 ‘simut
481 2872 520 2902 et
541 2864 643 2902 Asiae
671 2867 903 2903 mentionem
924 2864 1033 2905 facit.
1062 2868 1230 2915 Graecis,
1257 2882 1334 2907 non
1358 2871 1482 2909 minus
1503 2885 1615 2920 quam

148 2927 337 2973 barbaris,
377 2940 481 2964 snam
512 2926 618 2964 orbis
662 2927 1039 2976 partemtribuens,
1081 2933 1112 2977 ξ.
1136 2927 1194 2970 ις’.
1229 2933 1289 2969 καὶ
1333 2935 1400 2978 τὴν
1426 2934 1617 2984 Εὐρώπην

150 2990 294 3039 κρείττω
315 2992 489 3038 γίνεσθαι
508 2995 573 3034 τῆς
590 2991 740 3032 Ἀσίας.
