1914 3314
584 204 1227 248 ΑΡΕΟΠΑΓΙΤΙΚΟΣ.

1529 200 1640 248 343

202 317 274 371 τᾶν
307 318 511 378 βασιλέα
543 318 681 371 πάλιν
713 318 1148 388 οἰνακεκοοινισμένης,
1172 315 1207 367 οἳ
1243 315 1346 368 τότε
1386 313 1640 378 κατεπολέε

199 414 336 462 μησεν
361 393 497 461 ἧμας.

274 464 330 516 δ’.
373 465 554 534 Ἀπορω
581 464 622 518 δὲ
647 465 824 560 πότερον
849 464 1070 526 υπολοέβω
1095 461 1223 534 μηδεν
1248 465 1397 533 μελειν
1425 464 1525 532 ὑμῖν
1551 487 1638 515 των

200 562 342 590 κοινων
378 539 694 633 πραγμάτων,
707 541 734 602 ἢ
771 539 1004 630 φροντίζειν
1037 537 1115 608 μὲν
1153 540 1314 600 αὐτων,
1344 536 1400 597 εἷς
1434 539 1563 590 τοῦτο

199 613 547 675 dvaacSno-l‘ffzg
521 638 636 675 ηκειν
661 612 767 673 ὦςτε
793 612 1072 666 λανθάνειν
1049 614 1166 683 υμᾶς
1193 611 1250 672 εἷς
1273 610 1373 674 ’ὄσ-ην
1394 611 1641 680 ταραχῆνῆ

201 686 338 746 πόλις
361 687 476 757 ἧμων
497 687 836 750 καθεστηκεν.’
820 689 996 740 εοίκοιτε
1002 711 1133 779 ’γαρ
1129 711 1236 739 ουτω
1260 683 1592 755 ὃιοικειμενοις’
1561 710 1640 736 οιν-

201 761 410 836 Spain-015,
437 786 472 814 οι
502 786 611 821 τινες
636 763 825 822 ἁπάσας
848 762 926 833 μὲν
951 787 1037 821 τοις
1063 759 1221 820 πολεις
1255 760 1340 820 τοὶς
1365 760 1438 813 ἐπι
1466 759 1644 835 Θρᾴκης

236 865 277 896 “A
292 866 360 896 τότε
375 866 596 907 κατεπολέμησε
598 880 611 897 ν
626 869 717 909 ἡμᾶς]
735 874 904 898 Καταπολε-

201 911 267 948 μεῖν
290 914 336 938 est
354 909 503 939 debellare.
546 911 598 939 Sic
620 912 709 939 etiam
734 911 764 939 in
789 911 904 945 Paneg-

201 951 228 990 §.
243 950 299 988 ιγ’.
320 957 350 981 et
365 953 446 990 apud
460 952 579 982 Andoc.
598 954 650 981 Or.
668 953 732 982 111.
749 952 776 991 §.
791 951 828 989 γ’.
863 953 906 982 Ut

201 999 300 1023 autem
329 993 458 1023 Athenae
485 1005 502 1024 a
530 995 686 1033 Lysandro
715 1000 905 1033 caperentur,

201 1035 304 1066 effecit
317 1041 348 1065 et
363 1037 465 1065 odium
479 1037 665 1072 Graecorum,
678 1038 708 1066 in
724 1037 830 1076 primis
846 1037 902 1066 La-

200 1079 466 1114 cedaemoniorum,
505 1085 535 1108 et
564 1079 725 1109 inimicitia
757 1080 904 1109 adversus

200 1130 301 1160 regem
332 1120 492 1151 Persarum
520 1122 645 1151 Darium
676 1122 823 1157 Nothum,
853 1123 904 1161 qui

199 1174 256 1203 per
275 1163 366 1193 filium
389 1165 501 1202 Cyrum
521 1165 679 1203 Lysandro
697 1165 811 1194 auxilia
831 1176 904 1204 sup-

199 1207 363 1246 peditabat.
409 1208 478 1237 Vid.
501 1207 645 1247 Xenoph.
670 1208 755 1238 Hist.
775 1209 830 1238 Gr.
854 1209 902 1239 11.

198 1260 232 1289 p.
246 1251 319 1280 455.
331 1250 368 1279 A.
394 1249 501 1279 Inna.

243 1293 288 1326 Εἰς
307 1293 392 1323 τοῦτο
412 1291 435 1322 δ’
456 1291 636 1326 ἀναισθησίας
657 1292 743 1334 ἥκειν]
770 1294 904 1324 Notetur

201 1335 336 1366 solennis
350 1336 538 1366 constructio
557 1336 744 1375 pronominis
757 1338 842 1366 τοῦτο
857 1348 904 1366 se-

201 1383 313 1418 quente
335 1379 491 1408 Genitivo.
534 1379 586 1408 Sic
610 1379 640 1409 in
659 1380 776 1419 Paneg.
795 1390 826 1418 p.
851 1382 900 1432 643

204 1432 231 1451 a.
237 1421 319 1473 -[ed.
333 1421 376 1453 H.
391 1422 535 1460 Stephan.
558 1426 589 1452 et
609 1422 655 1452 sic
683 1422 845 1463 deinceps]
867 1423 904 1456 εἷς

203 1465 287 1495 τοῦτο
303 1462 326 1494 δ’
341 1464 485 1504 ὠμότητος
508 1464 641 1498 ἅπαντας
658 1465 736 1505 ημᾶς
757 1466 903 1496 κατεστη-

203 1519 267 1537 ear.
309 1508 359 1537 Ad
376 1507 491 1547 Phil.p
495 1510 591 1537 ..107
604 1518 632 1537 e.
647 1507 685 1543 εἷς
702 1508 787 1538 τοῦτο
803 1508 905 1549 ἥκομεν

203 1548 366 1588 ἐπιθυμίας.
404 1519 532 1580 Archid.
549 1561 580 1589 p.
598 1553 669 1580 118.
684 1562 712 1580 c.
728 1551 766 1580 εέ·
755 1550 904 1581 myrra&

201 1604 297 1624 nuovo-i
306 1592 472 1644 πλεονεξίας.
495 1593 666 1623 Similiter¹
650 1604 688 1623 ce
699 1594 780 1624 Pace
790 1605 822 1634 p.
831 1597 903 1625 174.

203 1635 282 1670 (1.εἷς
291 1637 409 1666 τοσοῦτο
421 1634 522 1674 μίσους
536 1635 729 1667 κατέστησαν.
746 1637 844 1667 Aliter
860 1643 904 1668 ta-

201 1688 272 1708 men
295 1679 326 1708 in
342 1680 457 1717 Paneg.
475 1689 507 1718 p.
521 1682 571 1711 65.
588 1681 618 1709 b.
639 1680 677 1713 εἷς
695 1679 834 1711 τοσαύτην
849 1693 904 1710 τα-

202 1720 353 1751 πεινότησα
389 1722 624 1762 κατεστήσαμεν,
655 1723 806 1762 adjectivo
835 1734 904 1753 cum

200 1765 392 1795 substantivo
404 1765 612 1795 conveniente.
634 1763 820 1796 Ἀναισθησία
830 1767 904 1806 quid

199 1807 252 1847 sit,
275 1808 385 1838 docent
409 1808 636 1847 Theophrastus
660 1808 691 1838 in
712 1810 852 1839 Charact.
875 1821 903 1840 c.

198 1852 253 1881 15.
263 1856 294 1880 et
308 1851 504 1881 Casaubonus
518 1852 548 1880 in
565 1852 675 1881 Annot.
721 1853 779 1882 Est
794 1852 902 1883 vitium

198 1893 419 1933 intelligentiae,
440 1899 474 1923 ut
488 1894 541 1924 ille
558 1894 675 1931 definit,
690 1893 830 1935 βραδύτης
846 1895 900 1934 ψυ-

198 1947 254 1976 χης
267 1935 293 1966 ἐν
307 1937 396 1974 λόγοις
417 1949 464 1966 και
488 1937 619 1977 πράξεσι,
635 1942 665 1967 et
681 1938 842 1977 opponitur
865 1940 903 1981 τῇ

199 1978 329 2019 ἀγχινοίᾳ
349 1991 415 2019 quae
430 1980 564 2009 describi
583 1980 661 2009 solet
678 1979 776 2019 ὀξύτης
792 1972 901 2032 ψυχῆς.

199 2021 316 2052 Nostro
341 2022 406 2052 loco
429 2023 521 2075 quid*
525 2023 574 2058 sit,
590 2023 723 2053 indicant
743 2025 901 2063 sequentia

198 2064 274 2094 ὥστε
298 2065 438 2094 λανθάνειν
462 2066 538 2114 ὑμᾶς
551 2066 588 2099 εἷς
601 2065 624 2095 δ’.
640 2078 670 2096 τ.
687 2068 712 2097 ἦ.
728 2078 761 2096 π.
777 2068 801 2097 ἦ.
817 2079 848 2097 κ.
865 2079 901 2098 ea

198 2106 379 2147 intelligitur
403 2107 493 2137 animi
516 2108 641 2138 tarditas
670 2120 728 2148 qua
755 2111 845 2141 fiebat
867 2117 901 2141 ut

198 2159 266 2188 cum
282 2150 314 2180 in
334 2151 472 2181 maximis
493 2152 638 2189 periculis
655 2158 845 2184 versarentur
868 2155 897 2184 id

197 2203 287 2222 nemo
309 2193 447 2229 sentiret,
465 2204 568 2224 omnes
586 2195 700 2233 optime
717 2196 899 2228 constitutas

197 2246 248 2266 res
265 2236 398 2267 civitatis
412 2241 564 2276 putarent.
588 2238 695 2269 lumi.

239 2277 360 2310 Ἐοίκατε
374 2283 427 2319 γὰρ
442 2278 513 2309 οὕτω
529 2280 707 2320 διακειμένοις
721 2281 897 2324 ἀνθρώποις]

197 2321 260 2359 Qui
276 2323 342 2352 scil.
353 2333 402 2352 res
418 2323 554 2362 publicas
570 2328 622 2354 aut
642 2335 700 2354 nou
717 2331 833 2361 curent,
851 2333 903 2356 aut

196 2375 256 2403 qua
283 2366 398 2396 ratione
421 2376 490 2396 sese
517 2367 646 2397 habeant
673 2378 732 2398 non
759 2370 901 2400 sentiant.

196 2408 260 2438 Sed
275 2413 323 2438 est
337 2409 367 2438 in
385 2410 441 2438 hoc
455 2410 524 2439 loco
535 2409 696 2440 difficultas
706 2412 856 2451 quaedam,
872 2413 901 2442 in

196 2461 233 2480 eo
247 2451 349 2490 posita
363 2453 444 2491 quod
460 2462 527 2482 cum
546 2451 712 2483 1ιίοέοιιιατε
724 2454 754 2484 13
767 2457 902 2485 secunda

196 2504 328 2533 persona
350 2495 480 2530 dicatur,
496 2505 567 2525 mox
583 2496 613 2525 in
637 2497 733 2536 prima
757 2504 901 2537 sequatur

196 2535 292 2572 οἵτινες
304 2555 347 2560 --
362 2554 404 2561 -—-
427 2537 594 2577 τεὸύκαμεν
613 2557 655 2561 -
670 2537 902 2580 ἔκκλητιάζομεν.

195 2580 224 2610 Α
237 2581 374 2610 secunda
394 2591 524 2620 persona
539 2582 575 2610 ad
593 2581 719 2622 primam
742 2584 901 2614 transiisse

196 2622 366 2654 Isocratem
380 2633 416 2654 ne
433 2625 524 2654 nimia
544 2625 574 2653 in
591 2625 675 2654 cives
691 2625 831 2657 convicia
853 2628 900 2657 di-

197 2671 294 2703 ceret,
320 2672 422 2697 censet
456 2667 581 2703 Coraes,
610 2669 696 2706 cnjus
739 2669 804 2700 haec
832 2676 901 2700 sunt

197 2711 309 2740 verba:
331 2708 494 2751 Ἐοίκατε]’
497 2709 640 2749 Εοίκαμεν,
667 2710 782 2750 ὤφειλεν
804 2712 901 2749 εἶπεῖν,

199 2753 455 2792 προτοσςοσώπως
468 2754 634 2789 κάνταῦθα,
646 2754 690 2784 διὰ
706 2766 746 2784 τα
762 2765 900 2796 προσεχη,

199 2792 378 2845 Tagilitana,
400 2777 648 2847 'annino-agapas}
671 2796 739 2826 ἀλλ’
760 2797 829 2831 εἶκὲς
850 2799 900 2828 αὒ-

200 2833 258 2870 ‘rim
273 2835 306 2866 δι’
319 2837 420 2868 οὐδὲν”
406 2849 493 2879 ετερον
508 2838 564 2869 ἀπὸ
586 2841 635 2870 τοῦ
657 2840 808 2880 δευτὲξου’
798 2852 845 2871 zm
867 2841 900 2871 τὸ

201 2880 308 2917 πρῶτον
319 2880 476 2919 μεταβῆναι
491 2881 648 2922 ‘tretia-worm,
662 2882 676 2913 ἢ
699 2883 731 2913 τὸ
751 2885 795 2922 μῆ
819 2883 901 2915 δοκεῖν

200 2921 360 2971 κατακόρως
374 2924 499 2965 χρῆσθαι
522 2937 601 2956 κατα
622 2929 676 2956 τῶν
697 2929 832 2956 πολιτῶν
841 2930 900 2963 τοῖς

200 2960 318 2994 ὀνείδεσι.
357 2966 512 3007 Quidquid
530 2969 619 3007 hujus
635 2970 686 3004 sit,
699 2970 898 3000 anacoluthon

199 3015 268 3036 esse
279 3006 309 3037 in
324 3007 381 3039 hoc
395 3009 462 3040 loco
478 3012 581 3050 negari
593 3012 709 3052 nequit,
718 3013 748 3043 in
759 3013 863 3053 quod'
854 3024 900 3044 m-

939 868 1052 897 cidisse
1063 867 1186 898 videtur
1201 868 1351 907 Scriptor,
1365 873 1525 906 postquam
1541 868 1642 897 minus

939 910 1143 945 considerate,
1173 912 1212 939 de
1238 913 1329 939 rebus
1360 911 1456 948 magis
1486 920 1574 947 qnam
1600 911 1643 939 de

940 951 1044 980 verbis
1060 952 1221 987 sollicitus,
1234 953 1355 982 dixerat
1370 954 1433 985 τοὺς
1455 951 1504 980 3‘r
1491 951 1641 1001 κμετὲςους

938 993 1030 1022 αὐτᾶν
1041 995 1231 1045 συμμάχους.
1247 995 1326 1024 Mihi
1336 994 1516 1033 aliquando'
1508 1006 1539 1023 ιη
1556 1005 1639 1024 men-

939 1040 999 1065 tem
1024 1037 1107 1066 venit
1135 1035 1160 1065 ἒ
1151 1037 1243 1066 ιἰιατε
1272 1049 1326 1077 yae
1355 1037 1382 1066 οἱ
1385 1049 1426 1066 τω
1462 1037 1641 1077 διακειμένοις

939 1078 1090 1117 ἀνθρώποις
1105 1081 1360 1118 transponendum
1378 1090 1445 1109 esse
1467 1081 1505 1109 ad
1521 1085 1641 1109 antece-

939 1120 1050 1156 dentia,
1062 1122 1111 1151 vel
1123 1127 1194 1161 post
1205 1125 1293 1152 κοινῶν
1304 1123 1496 1162 πραγμάτων,
1508 1123 1557 1152 vel
1569 1126 1642 1163 post

938 1162 1121 1198 ἀναισθησίας
1133 1164 1214 1195 ἥκειν.
1241 1167 1289 1194 Ita
1298 1170 1380 1194 certe
1393 1164 1488 1200 οῖ’τινες
1500 1166 1640 1204 proxime

938 1207 1104 1246 pertineret
1127 1209 1194 1237 adi.
1181 1219 1246 1237 rm
1241 1207 1293 1241 λις
1314 1209 1403 1247 ἡμῶν,
1428 1213 1518 1247 atque
1543 1209 1642 1247 prima

938 1259 1068 1288 persona
1081 1251 1163 1288 sequi
1177 1256 1292 1290 posset.
1336 1251 1396 1280 Sed
1407 1251 1558 1290 ejusmodi
1569 1261 1640 1281 333-
1675 1265 1681 1270 ·

938 1292 1060 1322 colutha
1083 1295 1164 1332 apud
1189 1294 1319 1332 optimos
1345 1294 1512 1333 scriptores
1535 1304 1641 1324 occur-

937 1341 1017 1369 runt,
1047 1336 1217 1375 praesertim
1253 1336 1285 1366 in
1323 1337 1459 1376 longiore
1497 1337 1645 1373 oratioue,

938 1378 1035 1417 qualis
1059 1380 1148 1408 etiam
1171 1379 1228 1409 hoc
1253 1380 1321 1409 loco
1347 1384 1404 1410 est.
1449 1379 1582 1409 Wolfius
1604 1382 1642 1410 ad

939 1423 1033 1451 verba
1048 1420 1197 1456 οῖ’τινες-
1208 1422 1420 1456 ἀπολωλεκότες
1433 1423 1550 1453 notavit
1564 1434 1570 1452 :
1588 1424 1643 1453 sci-

939 1463 1004 1494 licet
1023 1465 1102 1500 εἰσὶν,
1126 1466 1200 1495 idest
1225 1464 1451 1500 ἀπολωλέκασιν,
1464 1471 1517 1496 aut
1539 1466 1644 1505 ellipsis

939 1513 1053 1542 est,uut
1066 1508 1211 1548 enallage,
1231 1509 1395 1548 participiis
1414 1509 1472 1539 loco
1493 1509 1644 1539 verborum

937 1551 1045 1589 positis.
1069 1551 1174 1582 lusu.

982 1592 1089 1626 Οἴτινες
1112 1594 1233 1627 ἁπάσας
1247 1594 1302 1634 μὲν
1323 1596 1378 1628 τὰς
1399 1595 1493 1628 πόλεις
1507 1613 1549 1618 —
1561 1607 1642 1633 συμ-

937 1636 1055 1677 μάχους
1068 1636 1296 1678 ἀπολωλεκότες]
1316 1637 1445 1667 Difficile
1461 1643 1508 1668 est
1519 1638 1565 1667 his
1578 1648 1642 1667 om-

939 1679 1027 1709 nibus
1043 1684 1172 1715 tantum,
1187 1685 1332 1720 quantum
1348 1681 1423 1710 satis
1438 1680 1585 1716 est,lucis
1601 1691 1642 1710 ex

938 1722 1065 1752 historia
1087 1723 1251 1754 affundere.
1295 1724 1404 1762 Neque
1427 1734 1465 1753 ex
1490 1723 1642 1762 interpre-

939 1764 1022 1794 tibus
1035 1766 1191 1806 quisquam
1208 1766 1288 1805 quod
1301 1777 1402 1806 operae
1415 1765 1545 1805 pretium
1558 1770 1642 1796 esset

939 1809 1106 1844 annotavit,
1138 1814 1252 1849 praeter
1271 1809 1434 1844 Woffium,
1464 1810 1550 1848 cujus
1575 1809 1643 1848 ipsa

939 1851 1032 1880 verba
1046 1852 1224 1882 referamus.
1269 1852 1405 1881 Primum
1428 1852 1466 1881 ad
1483 1852 1540 1881 ista
1556 1852 1642 1881 awa-

938 1905 992 1928 σας
1013 1893 1069 1933 μὲν
1082 1897 1136 1929 τὰς
1150 1894 1248 1929 πόλεις
1266 1896 1319 1928 τὰς
1338 1893 1386 1925 ἐπὶ
1403 1893 1510 1935 Θξςίκης
1526 1896 1641 1925 ἀπολω-

937 1935 1050 1971 λεκότες
1063 1939 1180 1967 notavit
1195 1938 1368 1977 sequentia:
1384 1944 1391 1955 ¹
1402 1938 1569 1978 Olynthum
1580 1937 1641 1967 sci-

937 1979 1010 2010 licet
1037 1985 1068 2010 et
1092 1980 1215 2019 triginta
1244 1981 1318 2010 duas
1349 1982 1441 2011 urbes
1473 1980 1644 2011 Chalcidici

936 2023 1069 2061 generis,
1086 2034 1153 2063 quae
1178 2023 1338 2063 Philippus
1354 2024 1485 2054 Macedo
1508 2028 1645 2063 ceperat,

937 2066 975 2095 de
991 2067 1104 2106 quibus
1121 2067 1215 2096 multa
1230 2069 1322 2096 verba
1337 2067 1410 2096 flunt
1432 2067 1512 2107 apud
1530 2068 1644 2096 Demo·

937 2109 1074 2139 stheuem
1100 2110 1170 2149 weg?
1200 2108 1451 2150 Παξαωςεσβείας.
1495 2110 1573 2139 Vide
1590 2109 1643 2140 Li·

936 2151 1019 2182 bauii
1035 2157 1245 2191 argumentum
1268 2155 1322 2181 τῶν
1337 2151 1538 2189 Ὀλυνθιακοῦν,
1553 2152 1643 2182 item-

936 2206 994 2234 que
1006 2195 1098 2225 vitam
1111 2195 1327 2225 Demosthenis
1340 2196 1376 2224 ab
1387 2206 1423 2225 eo
1431 2195 1642 2235 descriptam?

936 2239 1078 2268 Profecto
1104 2238 1165 2268 nisi
1193 2239 1233 2268 de
1262 2238 1437 2268 civitatibus
1462 2239 1599 2268 Thraciae
1623 2248 1641 2268 a

935 2281 1082 2321 Philippo
1099 2281 1196 2320 captis
1220 2291 1320 2311 sermo
1342 2281 1396 2317 sit,
1412 2291 1555 2321 quorsum
1575 2281 1642 2312 haec

935 2325 1108 2363 pertineant
1123 2335 1181 2354 uon
1192 2324 1295 2354 video.
1323 2325 1371 2354 De
1387 2324 1433 2354 his
1446 2330 1546 2354 autem
1561 2335 1642 2364 prae·

935 2372 982 2397 ter
1002 2368 1146 2397 orationis
1172 2367 1302 2397 laudatae
1325 2367 1393 2397 loca
1413 2367 1439 2407 §.
1463 2366 1519 2398 ια’.
1534 2367 1580 2399 rn'.
1596 2365 1641 2398 σε’.

935 2410 1007 2439 Vid.
1025 2411 1093 2450 ipsa
1109 2410 1234 2449 Olyntb.
1246 2412 1273 2440 Ι.
1290 2410 1316 2450 §.
1329 2408 1366 2446 ς’.
1391 2411 1472 2440 Phil.
1487 2411 1552 2441 111.
1564 2410 1590 2450 §.
1602 2410 1638 2446 ς’.

935 2453 1092 2483 Diodorus
1108 2453 1231 2483 Siculus
1248 2453 1341 2484 XVI.
1358 2456 1412 2486 52.
1428 2453 1540 2493 aliique
1561 2453 1604 2483 ibi
1623 2464 1641 2483 a

934 2496 1140 2536 'Wesselingio
1166 2496 1292 2526 laudati.
1351 2497 1431 2527 Belli
1461 2497 1641 2537 Philippum

934 2539 1014 2569 inter
1028 2544 1059 2568 et
1073 2539 1277 2569 Athenienses
1301 2539 1339 2568 de
1357 2540 1573 2579 Olynthiorum
1590 2550 1638 2569 so-

935 2582 1044 2612 cietate
1068 2582 1145 2622 gesti
1166 2582 1252 2612 initia
1269 2582 1409 2613 Diodoro
1423 2588 1500 2613 teste
1515 2583 1639 2613 fuerunt

934 2625 1090 2655 Archonte
1119 2625 1342 2664 Cephisodoto,
1361 2626 1490 2666 'Olymp.
1517 2626 1582 2656 CV.
1605 2628 1637 2657 3.

935 2668 991 2697 Cff.
1007 2669 1105 2708 Capp.
1121 2670 1151 2698 6.
1166 2673 1196 2698 et
1212 2671 1243 2700 8.
1288 2668 1480 2699 Chalcidicas
1493 2669 1637 2699 civitates

935 2711 1080 2752 Philippo
1097 2712 1248 2750 subjectas
1268 2712 1362 2742 refert
1375 2712 1527 2742 Archonte
1543 2711 1637 2742 Calli-

934 2754 1052 2790 macho,
1065 2755 1186 2794 Olymp.
1202 2755 1304 2785 CVII.
1318 2758 1348 2785 4.
1393 2755 1559 2795 Olynthum
1583 2765 1636 2784 ex-

934 2802 1094 2837 pugnatam
1109 2803 1257 2836 sequente
1279 2808 1356 2828 anno
1371 2799 1496 2837 Olymp.
1515 2797 1636 2827 cvnI.

935 2843 964 2870 1.
989 2840 1139 2871 Archonto
1153 2841 1335 2881 Theophilo.
1378 2841 1450 2871 vid.
1465 2841 1561 2880 Capp.
1584 2842 1636 2870 5⁴2.

935 2888 965 2913 et
980 2885 1032 2915 53.
1056 2883 1117 2923 Qui
1133 2894 1238 2920 annus,
1254 2885 1278 2914 si
1291 2884 1503 2924 Olympiadum
1519 2883 1636 2913 initium

933 2927 971 2957 ab
987 2937 1062 2957 anno
1072 2929 1147 2959 776.
1160 2927 1194 2957 A.
1209 2929 1244 2958 C.
1260 2927 1366 2963 ducas,
1381 2932 1413 2957 ut
1428 2925 1564 2965 vulgaris
1578 2926 1637 2955 sert

934 2969 1094 3007 sententia,
1109 2970 1277 3010 respondet
1293 2971 1356 3000 sere
1374 2980 1450 3000 anno
1466 2970 1502 2999 A.
1516 2970 1551 2999 C.
1562 2970 1636 2999 348.

934 3013 981 3043 vel
998 3015 1072 3045 349.
1103 3013 1273 3045 Simsouius
1288 3023 1340 3043 eas
1362 3022 1517 3043 numerare
1534 3011 1637 3042 solens
