1914 3314
299 196 408 249 464

776 206 1263 250 ΙΣΟΚΡΑΤΟΥΣ

299 316 524 378 δυνηθεῖσι·
548 315 626 369 καὶ
644 318 1072 392 καταγεγηξοὶκασιν
1093 318 1131 369 οἷ
1153 315 1229 387 μὲν
1251 319 1298 369 ου’
1321 318 1565 382 φάσκοντες
1583 317 1663 371 οἷόν
1686 320 1729 371 τ’

299 387 402 442 eiiam
428 389 567 457 ψευδῆ
587 390 732 458 λέγειν
765 389 856 443 οὔδ’
880 389 1124 456 ἀντιλέγειν
1151 389 1242 443 οὐδὲ
1276 388 1345 442 δύο
1369 392 1489 458 λόγω
1517 392 1611 468 περὶ
1642 393 1728 445 τιῖν

298 520 450 550 laboribus
473 521 511 550 ab
539 520 713 559 Eurystheo
744 520 801 549 sibi
830 520 992 559 impositis,

298 572 356 591 non
373 568 431 592 tam
453 563 522 592 aliis
546 573 632 602 quam
655 563 713 592 sibi
737 562 922 600 periclitatus
941 563 995 597 sit,

299 605 434 634 Theseus
450 616 533 640 vero,
546 616 636 644 quum
653 605 792 642 suijuris
804 610 896 638 esset,
913 606 994 643 ejus-

298 647 381 676 modi
412 648 573 677 certamiua
611 648 736 686 delegit,
763 657 818 686 per
847 657 914 685 quae
944 652 995 676 ant

300 690 474 720 Graecorum
499 696 550 720 aut
572 700 633 720 suae
654 690 751 728 ipsius
771 689 878 728 patriae
905 690 994 718 bene-

299 733 395 761 factor
415 733 585 763 haberetur.
623 733 751 761 Taurum
773 742 879 770 nempe
901 741 918 760 a
932 733 993 761 Ne·

299 779 395 813 ptuno
419 775 599 811 immissum,
625 775 675 813 qui
691 774 826 804 Atticam
851 779 994 810 vastaret,

300 828 386 854 quem
407 818 540 847 universi
552 817 675 856 aggredi
692 826 749 846 nou
763 817 924 852 audebant,
945 827 992 846 so—

300 860 347 889 tus
362 860 414 889 ille
425 860 540 889 domuit
553 870 717 899 magnaque
733 860 932 898 trepidatione
949 860 992 889 in-

301 902 382 931 colas
398 903 483 931 urbis
498 903 649 932 liberavit.
676 904 784 931 Postea
796 902 991 939 Lapitharum

300 945 416 973 auxilio
432 945 614 975 bimembres
625 946 803 979 Centauros,
815 945 889 973 alias
902 945 991 974 urbes

301 992 465 1023 vastantes,
486 988 555 1017 aliis
575 988 759 1022 minitantes,
783 987 889 1025 proelio
915 987 992 1017 vicit

299 1040 357 1059 nec
372 1030 466 1060 multo
489 1035 558 1068 post
578 1031 711 1059 funditus
731 1029 859 1059 delevit.
902 1029 991 1060 Circa

300 1073 404 1101 eadem
420 1078 558 1111 tempora
573 1079 735 1102 monstrum
753 1072 829 1101 illud
845 1082 883 1101 ex
904 1071 988 1102 Pasi-

298 1115 377 1153 phae
390 1121 501 1150 natum,
516 1116 566 1145 cui
575 1115 806 1145 Atheniensium
821 1115 930 1144 civitas
943 1115 989 1145 bis

297 1163 438 1195 septenos
456 1169 566 1197 pueros
583 1169 620 1188 ex
636 1157 756 1187 oraculo
772 1158 919 1192 mittebat,
939 1168 988 1186 su-

295 1201 425 1237 peravit,
441 1206 472 1230 et
486 1201 600 1230 liberos
621 1210 677 1230 non
700 1201 795 1229 solum
819 1200 988 1230 incolumes

293 1244 470 1280 parentibus
488 1244 631 1278 restituit,
648 1244 702 1273 sed
725 1243 880 1272 civitatem
899 1242 987 1272 etiarn

294 1294 312 1313 a
326 1290 384 1314 tam
401 1285 513 1324 injusto
525 1287 693 1325 acerbeque
709 1285 822 1314 tributo
839 1285 987 1314 liberavit.

292 1327 372 1367 (ιδ’.)
393 1328 502 1358 Thesei
515 1329 646 1358 facinora
656 1329 748 1358 semel
764 1328 919 1365 ingressus
930 1338 987 1356 nou

290 1370 380 1400 facile
401 1371 538 1406 inducor,
561 1377 595 1400 ut
609 1370 744 1400 Scironis
760 1370 988 1408 Cercyonisque

288 1412 537 1444 inhumanitatem
553 1414 794 1453 praetermittam,
809 1413 917 1451 quibus
935 1413 987 1442 ille

286 1457 445 1495 superatis
460 1468 478 1486 a
495 1457 597 1486 multis
617 1456 792 1495 magnisque
810 1455 987 1484 calamitati-

291 1499 348 1528 bus
366 1501 492 1528 Graecos
512 1500 663 1529 liberavit.
708 1500 753 1528 Ne
773 1508 844 1526 vero
860 1498 988 1527 morosis

289 1542 468 1579 quibusdam
492 1542 680 1571 auditoribus
695 1551 712 1569 a
727 1541 884 1579 proposito
903 1541 987 1570 aber-

288 1594 355 1613 rare
374 1585 473 1623 iisque
496 1585 620 1613 nimium
638 1589 734 1613 tamen
754 1583 920 1612 concedere
944 1584 987 1612 vi-

289 1627 374 1661 dear,
388 1627 525 1665 plurimis
537 1627 577 1655 de
584 1627 704 1656 Theseo
717 1626 850 1660 omissis,
861 1625 989 1664 reliqua,

289 1680 376 1707 quam
393 1669 579 1699 brevissimis
595 1675 710 1708 potero,
722 1669 888 1698 absolvam.
913 1668 987 1708 (ιε’.)

288 1712 509 1741 Fortitudinem
526 1712 579 1741 ille
594 1712 729 1741 ostendit
742 1711 772 1740 in
791 1711 829 1740 iis
852 1712 989 1740 certami-

288 1755 389 1788 nibus,
410 1755 463 1784 ubi
485 1755 567 1784 solus
589 1754 756 1793 pugnavit3
784 1754 829 1783 rei
850 1753 989 1783 militaris

287 1798 425 1836 peritiam
443 1798 472 1827 in
490 1798 617 1836 proeliis,
637 1808 703 1836 quoe
724 1797 865 1826 universa
877 1797 988 1826 civitas

287 1851 322 1870 se
336 1841 414 1870 duce
427 1840 595 1878 commisit;
621 1841 763 1879 pietatem
780 1850 853 1877 erga
868 1840 941 1868 deos
957 1838 986 1868 in

288 1884 408 1913 Adrasti
423 1884 649 1922 liberorumque
666 1882 811 1912 Herculis
834 1882 987 1920 supplica-

289 1927 424 1955 tionibus
438 1937 446 1963 3
462 1926 594 1964 reliquas
605 1926 735 1965 deniqne
746 1925 877 1954 virtutes
889 1925 919 1953 in
935 1925 988 1954 ad-

287 1969 492 1999 ministrandae
505 1969 638 1998 civitatis
650 1969 776 1998 ratione.
791 1967 876 2008 (cg-¹.)
887 1969 987 2005 Quum

289 2013 368 2041 euim
389 2017 578 2052 t5rannorum
598 2011 688 2041 vitam
706 2010 808 2041 multis
831 2011 870 2039 de
889 2010 987 2040 causis

289 2056 420 2084 omnium
455 2054 653 2084 miserrimam
685 2063 753 2083 esse
785 2053 987 2088 existimaret,

289 2107 401 2137 eosque
410 2108 466 2127 non
479 2097 643 2136 principes,
653 2097 706 2126 sed
715 2094 871 2126 civitatum
882 2101 986 2135 pestes

284 2140 448 2178 judicaret,
469 2140 548 2169 inter
568 2141 694 2170 liberam
715 2139 868 2168 civitatem
893 2144 923 2168 et
940 2144 985 2176 ty-

287 2183 442 2213 rannidem
473 2183 604 2213 medium
643 2182 794 2221 quoddam
836 2181 986 2211 interesse

288 2226 430 2256 ostendit.
451 2224 532 2266 (ιζ’.)
557 2226 604 2255 Ac
619 2226 750 2264 primum
764 2224 884 2263 quidem
901 2224 986 2254 cives

286 2269 416 2307 sparsim
444 2270 529 2308 prius
551 2279 587 2298 ac
612 2268 733 2297 vicatim
755 2268 934 2301 habitantes,
955 2268 985 2296 iu

287 2321 373 2341 unam
402 2311 569 2346 civitatem,
594 2321 662 2350 quae
691 2310 782 2340 etiam
807 2320 886 2340 nuno
908 2310 986 2339 inter

288 2354 409 2384 Graecas
424 2354 611 2392 amplissima
621 2359 677 2389 est,
687 2353 887 2393 congregavit
899 2363 908 2390 3
930 2353 984 2382 de-

286 2396 357 2425 inde
379 2397 519 2426 omnibus
546 2397 665 2427 civibus
688 2397 802 2427 aditum
827 2396 866 2425 ad
889 2395 984 2434 magi-

286 2443 399 2469 stratus
419 2440 582 2478 patefecit;
604 2439 750 2479 populum
773 2449 917 2469 summam
936 2447 984 2468 re-

286 2491 351 2511 rum
378 2482 587 2512 administrare
607 2482 722 2521 jussit;
755 2481 891 2520 pericula
926 2481 984 2511 sibi

286 2524 428 2562 privatim
455 2525 640 2563 vindicavit3
667 2524 815 2554 utilitates
846 2524 876 2553 iu
904 2534 985 2554 com-

286 2576 376 2596 mune
397 2568 544 2606 contulit3
566 2572 719 2606 potestate
741 2577 810 2602 rex,
831 2566 985 2596 beneficiis

285 2609 444 2648 popularis
457 2610 548 2640 vitam
565 2611 628 2640 sine
641 2611 711 2640 ullis
724 2610 842 2640 insidiis
855 2620 984 2639 summa-

286 2662 344 2690 que
353 2653 484 2682 omnium
494 2652 617 2683 caritate
628 2654 757 2692 peregit.
787 2651 866 2693 (ιη’.)
883 2653 984 2690 Quan—

286 2704 375 2734 quam
393 2706 465 2724 vero
482 2695 636 2731 virtutum,
649 2697 761 2735 quibus
775 2695 894 2725 Helena
908 2705 985 2735 prae-

286 2738 351 2767 dita
371 2737 441 2773 fuit,
459 2743 564 2767 testem
587 2749 642 2768 nec
664 2739 723 2769 tide
740 2738 908 2776 digniorem
929 2747 985 2767 nec

282 2780 418 2817 judicem
447 2781 541 2819 magis
562 2781 702 2811 idoneum
728 2782 871 2812 habemus
896 2791 984 2820 quam

287 2823 452 2858 Theseum,
468 2829 578 2859 tamen,
593 2834 629 2853 ne
651 2824 739 2853 unius
755 2825 812 2854 viri
833 2824 928 2863 gloria
947 2824 985 2853 ad

287 2865 464 2896 laudandam
479 2866 560 2896 illam
580 2867 663 2897 abuti
678 2867 846 2902 videamur,
862 2867 899 2896 ad
916 2866 986 2896 reli-

288 2919 348 2947 qua
370 2909 498 2939 transire
524 2909 634 2947 placet.
665 2908 746 2949 (16¹.)
773 2911 847 2939 Post
875 2909 986 2939 Thesei

289 2952 467 2982 descensum
493 2952 530 2981 ad
551 2951 664 2982 inferos
684 2951 930 2992 praestantissimi
951 2952 987 2981 il-

290 2994 350 3024 lius
374 2994 519 3034 temporis
543 3005 644 3034 reges,
671 2995 783 3034 spretis
811 2994 986 3024 domesticis

1026 519 1153 557 nuptiis,
1175 519 1303 550 Helenae
1326 520 1572 551 Lacedaemouem
1596 532 1726 552 reversae

1027 562 1147 599 nuptias
1162 562 1326 600 petierunt,
1338 563 1553 601 congressique
1565 564 1652 594 fidem
1666 566 1726 595 sibi

1026 609 1130 634 mutuo
1154 605 1315 640 dederunt,
1339 614 1370 633 se
1393 614 1461 633 eum
1485 605 1652 643 adjuturos,
1673 607 1725 646 qui

1028 647 1180 676 connubio
1206 647 1287 676 illius
1308 647 1418 685 dignus
1441 647 1622 685 baberetur;
1652 649 1724 690 (κ’.)

1027 690 1218 719 manifestum
1232 688 1310 718 enim
1329 689 1397 725 fuit,
1412 689 1450 718 de
1471 699 1507 719 ea
1531 691 1621 720 armis
1636 691 1725 722 dimi-

1026 736 1126 761 catum
1142 731 1189 762 iri.
1233 731 1327 760 Brevi
1341 736 1412 770 post
1429 736 1494 761 orta
1507 731 1585 762 inter
1600 732 1673 763 deas
1687 735 1725 764 de

1027 774 1132 803 formae
1168 773 1347 812 praestantia
1381 774 1585 806 contentione.
1650 776 1724 806 Ale-

1026 817 1153 852 xander,
1167 816 1282 846 Priami
1292 816 1384 851 filius,
1395 817 1491 854 judex
1505 817 1650 854 delectus,
1661 829 1724 857 prae

1026 859 1165 888 omnibus
1181 859 1260 894 aliis,
1275 869 1343 898 quae
1360 859 1406 888 illi
1427 859 1642 897 offerebantur,
1659 862 1724 891 He-

1025 901 1119 931 lenam
1130 902 1200 931 ideo
1210 902 1313 941 elegit,
1324 902 1405 940 quod
1413 902 1500 932 Jovis
1509 912 1600 940 gener
1608 903 1724 944 vocari,

1025 943 1189 983 liberisque
1211 945 1274 974 suis
1299 945 1386 974 talem
1411 942 1573 983 originem,
1594 956 1663 984 quae
1682 947 1722 975 ad

1023 988 1132 1017 Jovem
1143 987 1250 1016 referri
1265 992 1378 1025 potest,
1388 987 1720 1019 honorificentissimum

1023 1029 1082 1058 sibi
1108 1034 1139 1058 et
1160 1028 1347 1058 nobilitatem
1369 1029 1483 1058 subolis
1499 1030 1585 1068 quasi
1601 1041 1722 1069 posses-

1024 1071 1137 1101 sionem
1149 1077 1324 1111 perpetuam
1337 1082 1405 1101 esse
1416 1071 1614 1102 existimavit.
1630 1072 1721 1114 (καί.)

1023 1115 1098 1144 Sunt
1113 1115 1245 1153 quidem,
1261 1115 1311 1153 qui
1328 1120 1468 1145 eventum
1485 1115 1572 1153 hujus
1588 1116 1721 1153 optionis

1023 1163 1195 1194 spectantes
1211 1157 1358 1187 conviciis
1374 1167 1441 1186 eum
1454 1157 1654 1193 incesserunt,
1667 1159 1722 1188 sed

1021 1198 1073 1228 isti
1088 1210 1149 1229 rem
1165 1199 1296 1229 maxime
1312 1199 1468 1230 ridiculam
1485 1200 1609 1235 faciunt,
1626 1201 1652 1229 si
1668 1211 1722 1230 sua

1022 1242 1155 1280 ipsorum
1171 1242 1290 1282 ingenia
1306 1242 1387 1271 illius
1402 1242 1524 1281 ingenio
1541 1243 1723 1273 antecellere

1022 1285 1216 1320 arbitrantur,
1245 1286 1295 1314 cui
1325 1286 1390 1314 deae
1417 1285 1455 1314 de
1481 1295 1515 1314 re
1543 1285 1723 1324 gravissima

1021 1327 1135 1365 primas
1150 1327 1325 1356 detulerint.
1353 1326 1446 1367 (κὲ.)
1472 1328 1541 1357 Non
1557 1328 1650 1366 igitur
1665 1328 1721 1357 mi-

1021 1379 1099 1404 rum,
1116 1369 1326 1399 Alexandrum
1342 1379 1410 1399 cum
1431 1370 1484 1398 illa
1499 1370 1603 1400 vivere
1616 1371 1722 1400 decre-

1023 1411 1118 1446 visse,
1143 1419 1268 1450 propter
1287 1422 1375 1451 quam
1395 1412 1483 1441 multi
1506 1412 1631 1442 semidei
1646 1413 1722 1443 mori

1021 1464 1080 1483 non
1110 1459 1297 1490 recusarunt,
1326 1464 1451 1492 eamque
1484 1464 1546 1484 rem
1582 1456 1721 1485 omnibus

1022 1497 1245 1535 anteposuisse,
1261 1497 1299 1526 de
1315 1507 1374 1535 qua
1389 1497 1462 1526 deas
1479 1497 1659 1527 contendere
1675 1498 1723 1527 vi-

1022 1539 1117 1569 derat.
1138 1538 1228 1580 (ny'.)
1245 1539 1322 1578 Quis
1333 1539 1457 1569 Helenae
1467 1539 1638 1578 conjugium
1649 1550 1722 1580 neg-

1021 1582 1161 1618 lexisset,
1176 1592 1235 1621 qua
1261 1588 1346 1622 rapta
1361 1587 1476 1611 tantum
1500 1583 1580 1612 iuter
1597 1583 1721 1613 Graeeos

1022 1625 1233 1664 Barbarosque
1242 1626 1353 1654 bellum
1365 1631 1504 1654 exortum
1516 1630 1572 1660 est,
1579 1630 1721 1663 quantum

1021 1678 1170 1707 nunquam
1186 1674 1273 1697 autea
1288 1669 1394 1697 fuerat.
1424 1667 1477 1698 Illi
1494 1678 1620 1707 peregre
1636 1678 1722 1697 sene-

1023 1720 1119 1745 scere,
1144 1721 1230 1749 quam
1258 1712 1312 1740 hac
1335 1711 1442 1741 relicta
1463 1711 1584 1740 domum
1608 1712 1721 1741 reverti

1023 1754 1203 1788 maluerunt,
1225 1754 1255 1782 hi
1285 1754 1374 1783 urbes
1405 1753 1541 1787 exscindi
1572 1763 1721 1792 agrosque

1022 1796 1133 1825 vastari
1150 1796 1296 1832 siverunt,
1312 1806 1349 1825 ne
1371 1795 1452 1825 illam
1474 1795 1588 1826 Graecis
1611 1796 1720 1826 redde-

1021 1844 1098 1873 rent,
1117 1839 1234 1877 utrique
1250 1839 1469 1874 existimantes,
1489 1838 1519 1868 in
1535 1843 1721 1877 utracunque

1020 1880 1073 1909 illa
1090 1882 1197 1910 semina
1219 1881 1378 1915 habitaret,
1393 1891 1457 1910 eam
1475 1880 1628 1919 regionem
1652 1881 1720 1910 feli-

1020 1933 1084 1952 cem
1109 1924 1182 1953 sore.
1203 1923 1286 1963 (κδ’.)
1307 1923 1404 1963 Cujus
1420 1923 1494 1952 belli
1519 1927 1602 1952 tanta
1617 1934 1720 1953 omues

1020 1965 1146 1995 incessit
1169 1966 1332 2004 cupiditas,
1362 1971 1391 1995 ut
1417 1976 1474 1995 non
1498 1966 1599 1995 Graeci
1622 1966 1721 1996 solum

1019 2008 1220 2048 Barbarique,
1236 2010 1289 2038 sed
1306 2008 1351 2038 dii
1367 2008 1456 2037 etiam
1472 2008 1552 2038 iuter
1575 2019 1608 2038 se
1631 2008 1721 2038 dimi-

1020 2057 1134 2087 carent,
1149 2053 1257 2081 nednm
1271 2052 1350 2081 filios
1365 2061 1448 2086 suos,
1465 2051 1524 2081 etsi
1539 2051 1634 2080 fatum
1649 2051 1719 2081 illo-

1019 2104 1082 2123 rum
1092 2095 1310 2132 praevidebant,
1317 2105 1333 2124 a
1342 2093 1505 2123 certamine
1514 2094 1719 2134 prohiberent.

1019 2135 1102 2177 (κε’.)
1125 2137 1226 2177 Atque
1249 2138 1306 2166 hoc
1329 2137 1374 2166 illi
1400 2142 1494 2170 recte,
1513 2147 1604 2175 quum
1629 2147 1718 2166 omne

1019 2186 1168 2209 certamen
1198 2180 1325 2210 iniretur
1354 2179 1393 2209 de
1423 2179 1639 2218 pulcritudine,
1668 2179 1718 2209 cui

1018 2223 1187 2252 mortalium
1208 2233 1307 2252 rerum
1323 2222 1440 2261 quaevis
1453 2222 1494 2251 ita
1509 2221 1717 2261 postponitur,

1021 2270 1052 2293 nt
1074 2265 1171 2294 virtus
1187 2265 1257 2304 ipsa
1272 2265 1340 2294 ideo
1357 2264 1511 2303 praecipue
1533 2264 1720 2300 celebretur,

1018 2308 1098 2346 quod
1106 2308 1236 2337 omnium
1244 2307 1465 2337 studiorumest
1473 2305 1719 2346 pulcherrimum.

1021 2350 1242 2380 pulcritudinis
1270 2360 1363 2385 atuor,
1388 2349 1468 2379 omni
1496 2349 1718 2380 deliberatione

1021 2393 1174 2432 superior,
1184 2403 1201 2422 a
1212 2397 1317 2423 natura
1330 2393 1418 2422 nobis
1431 2392 1561 2422 tributus
1568 2396 1626 2422 est.
1641 2390 1718 2422 For-

1019 2435 1111 2466 mosis
1119 2437 1195 2466 bene
1207 2437 1357 2471 volumus,
1366 2435 1487 2465 eosdem
1497 2434 1718 2474 tauquamdeos

1020 2479 1162 2515 colimus,
1183 2478 1244 2508 illis
1270 2478 1414 2508 libentius
1432 2477 1614 2508 inservimus
1629 2487 1718 2516 quam

1020 2522 1088 2552 aliis
1119 2521 1311 2561 imperamus,
1340 2530 1503 2560 servosque
1536 2519 1717 2560 pulcritudi-

1019 2564 1066 2594 nis
1079 2569 1220 2594 strenuos
1236 2565 1447 2603 elegantesque
1461 2562 1610 2592 ducimus.
1655 2561 1718 2598 Qui

1020 2608 1118 2637 aetatis
1128 2608 1230 2637 florem
1241 2605 1563 2646 prostituunt‚inramia
1571 2609 1720 2639 notamus,

1021 2651 1145 2680 sormam
1163 2660 1234 2680 vero
1249 2660 1332 2680 suam
1355 2649 1490 2688 ipsorum
1512 2646 1719 2677 custodientes

1020 2693 1212 2723 honoramus.
1229 2691 1321 2734 (ug-¹.)
1338 2693 1380 2722 At
1390 2701 1447 2721 nou
1455 2694 1569 2720 tantum
1583 2690 1720 2720 homiues

1021 2747 1038 2766 a
1058 2735 1261 2776 pulcritudine
1277 2738 1466 2774 superantur,
1477 2733 1531 2762 sed
1550 2732 1617 2770 ipse
1631 2732 1720 2771 Jupi-

1021 2785 1066 2808 ter
1083 2779 1222 2809 omnibus
1245 2779 1334 2808 rebus
1349 2778 1443 2815 major
1457 2774 1657 2814 pulcritudini
1672 2780 1721 2805 est

1021 2823 1184 2854 obnoxius,
1207 2821 1287 2860 quod
1312 2820 1447 2861 ejusdem
1469 2827 1537 2847 cum
1563 2818 1721 2854 Alcmena,

1024 2866 1137 2900 Danae,
1155 2864 1290 2898 Nemesi,
1306 2862 1450 2900 Ledaque
1466 2870 1582 2890 amores
1597 2859 1720 2890 manife-

1021 2913 1112 2937 stant.
1157 2907 1236 2944 Quin
1255 2911 1352 2935 tantus
1377 2903 1456 2943 apud
1478 2904 1553 2933 deos
1574 2903 1720 2942 pulcritu-

1022 2950 1085 2980 dini
1114 2951 1210 2980 honos
1239 2948 1391 2983 tribuitur,
1420 2951 1452 2976 ut
1474 2946 1616 2976 uxoribus
1645 2944 1721 2981 suis,

1024 3002 1115 3031 quum
1133 2993 1171 3022 ab
1184 2991 1235 3021 illa
1252 2990 1420 3026 vincuntur,
1437 2989 1606 3028 ignoscant,
1618 2997 1722 3027 enque
