1914 3314
195 201 277 244 878

241 315 384 346 marium.
397 317 473 346 510.
496 314 730 348 Atheniensium
743 327 793 347 res
806 322 908 355 gestas

241 365 271 389 et
281 359 389 389 laudes
402 358 547 389 continet.
560 361 635 389 505.
652 361 718 398 ejus
728 359 908 398 descriptio.

241 402 316 433 513.

199 444 382 484 panegyrici
406 444 620 475 Summarium.
646 447 722 476 119.
743 446 818 477 615.
840 445 907 474 rhe-

241 493 325 517 tores
356 488 543 527 copiosiores
574 488 722 523 reddidit,
754 493 908 517 auctorem

241 530 425 568 inopiorem.
456 532 548 560 2274.
575 541 635 569 quq
668 531 798 560 Graeciae
828 535 908 561 statu

243 574 436 611 conscriptus
452 572 503 602 sit.
520 575 595 605 615.
608 574 685 604 ⁴758.

202 616 392 645 Parrhasius.
410 618 484 646 602.

200 658 347 694 Ρειείηυ5,’
364 659 442 688 Paro
459 658 588 697 potitus.
605 660 682 689 727.

200 702 305 736 Pasio,
323 702 501 730 mensarius.
517 703 590 731 689.

201 744 364 782 Pasiphae,
391 744 474 774 Solis
501 744 575 783 filia,
599 744 726 774 monstri
753 743 910 774 Cretensis

245 793 352 816 mater.
367 788 443 815 471.

202 829 373 859 Patrocles.
389 831 465 859 707.

202 873 380 907 Pedanius,
398 871 661 914 Lacedaemonius,
679 873 789 903 Chium
803 872 841 901 ab
858 873 910 901 ob-

247 915 366 944 sidione
383 915 535 945 liberavit.
551 917 626 945 308.

203 958 316 987 Peleus
331 958 360 987 iu
378 968 481 997 pugna
496 962 601 987 contra
617 958 789 987 Centauros
807 957 910 987 excel-

245 1001 321 1030 lens.
345 1003 422 1031 445.
453 1000 566 1030 Peleus
586 998 724 1030 mortalis
749 1001 911 1030 Thetidem

243 1044 447 1073 immortalem
482 1043 513 1072 in
548 1041 774 1073 matrimonium
811 1044 911 1079 duxit,

245 1087 357 1126 quibus
388 1086 504 1125 nuptiis
534 1086 577 1115 dii
609 1086 670 1125 ipsi
701 1086 912 1116 interfuerunt.

244 1129 319 1159 ibid.

202 1173 421 1210 Pelopidarum
438 1171 568 1201 infelicis
581 1171 703 1210 generis
717 1171 913 1201 felicissimus

247 1214 409 1244 Menelaus
426 1214 495 1242 fuit.
511 1216 549 1243 47
557 1216 585 1243 9.

203 1258 332 1296 Pelopis
357 1256 520 1295 imperium
552 1267 569 1285 a
601 1255 720 1285 nemine
746 1255 912 1285 laudatum.

249 1303 322 1332 289.
362 1300 487 1337 Pelops.
511 1300 586 1329 523.
609 1303 639 1328 1.
677 1298 795 1327 Tantali
822 1299 913 1334 filius,

247 1348 312 1373 tota
330 1343 544 1381 Peloponneso
561 1342 676 1381 potitus
693 1347 752 1371 est.
769 1344 843 1371 480.

204 1386 421 1426 Peloponnesii
438 1386 548 1414 Xerxe
566 1385 747 1414 adveniente
763 1385 914 1414 Isthmum

250 1440 338 1459 muro
353 1428 499 1457 muniunt.
516 1430 590 1458 205.
614 1438 719 1456 eorum
737 1428 764 1458 in
783 1428 914 1456 Atticam

247 1470 395 1502 incursio.
407 1474 482 1502 305.
503 1471 615 1500 misera
627 1471 774 1500 conditio.
786 1472 860 1500 311.
870 1481 916 1509 sq.

249 1526 318 1545 cum
340 1515 514 1553 Eurystheo
539 1515 569 1543 in
586 1513 723 1544 Atticam
746 1514 916 1549 incurrunt,

249 1564 285 1588 ut
310 1558 369 1588 sibi
400 1557 579 1587 Heraclidae
609 1558 646 1586 ab
676 1557 916 1598 Atheniensi-bus

249 1603 419 1631 tradantur.
437 1603 513 1631 55⁶2.

207 1645 360 1680 Pericles,
384 1644 572 1682 demagogus
596 1641 842 1676 Atheniensium,
865 1642 915 1671 ab·

250 1688 365 1718 stinens
390 1686 458 1722 fuit,
475 1691 505 1715 et
525 1691 595 1716 octo
614 1686 711 1715 millia
734 1685 917 1714 talentorum

251 1731 281 1761 in
313 1730 469 1768 acropolin
501 1735 613 1768 praeter
643 1739 744 1758 sacras
771 1728 918 1767 pecunias

252 1773 422 1812 congessit.
437 1774 514 1803 433.
536 1771 708 1802 Alcibiadis
731 1777 825 1807 tutor,
842 1772 919 1801 edu-

251 1822 335 1846 cator
349 1816 481 1854 vitaeque
498 1816 643 1854 magister
660 1815 728 1844 fuit.
744 1817 818 1844 680.

209 1860 388 1895 Perithous,
401 1858 512 1889 Thesei
526 1858 557 1887 in
571 1858 692 1888 Helena
705 1857 854 1897 rapienda
870 1867 919 1887 so·

252 1903 330 1932 cius.
347 1903 421 1932 343.

208 1945 405 1977 Perrhaebaei.
422 1947 495 1976 258.

209 1991 374 2020 Persarum
388 1988 522 2028 potentia
534 1987 583 2017 uni
598 1985 718 2025 imperii
735 1986 839 2016 sormae
855 1996 919 2016 rno-

252 2032 403 2062 narchicae
416 2031 589 2061 tribuenda.
602 2033 675 2060 142.
691 2029 919 2068 antiquissimus

254 2080 286 2105 et.
302 2074 534 2114 potentissimus
551 2074 695 2114 populus,
713 2075 786 2103 194.
811 2074 920 2102 Persa-

253 2128 321 2148 rum
335 2129 389 2148 rex
405 2127 503 2147 rerum
517 2118 692 2147 Graecarum
710 2116 832 2146 arbiter.
846 2118 920 2146 217.

254 2166 325 2201 post
355 2160 589 2191 Atheniensium
620 2161 657 2189 ad
685 2158 794 2189 flumen
822 2160 920 2198 AEgos

255 2204 372 2234 cladem
413 2204 526 2242 ubique
556 2203 704 2232 victores.
743 2203 818 2232 ibid.
864 2213 920 2232 rex

256 2248 432 2277 Graecorum
457 2246 556 2285 copiis
584 2247 623 2275 ad
645 2246 781 2284 Cyprum
808 2246 920 2284 partim

257 2291 364 2329 utitur,
380 2290 489 2329 partim
511 2288 644 2318 obsidet.
661 2291 736 2319 222.
759 2289 823 2327 regi
841 2289 922 2318 Asiae

256 2333 417 2372 imperium
428 2343 446 2362 a
459 2332 702 2362 Lacedaemoniis
713 2336 744 2361 et
757 2332 922 2361 Athenien-

257 2377 342 2406 sibus
353 2375 509 2405 traditum.
527 2377 602 2406 223.
624 2386 679 2405 rex
695 2376 820 2404 Graecas
833 2376 923 2404 urbes

257 2420 368 2458 partim
386 2419 529 2454 destruit,
546 2419 654 2457 partim
673 2428 758 2447 arces
775 2417 804 2447 in
817 2418 854 2447 iis
870 2429 923 2447 ex-

260 2463 358 2491 struit.
372 2462 448 2492 ibid.
473 2467 580 2491 contra
592 2461 757 2501 AEgyptios
774 2461 924 2490 rebellan-

260 2509 308 2535 tes
323 2506 395 2534 nihil
413 2505 526 2535 effecit.
552 2508 626 2535 224.
660 2504 789 2534 immisit
807 2504 843 2534 iis
860 2505 922 2533 cla-

259 2548 399 2577 rissimos
415 2549 509 2578 duces
524 2549 698 2582 Persarum,
710 2548 925 2583 Abrocomam,

260 2591 467 2625 Tithrausten,
488 2591 729 2621 Pharnabazum.
743 2590 819 2620 ibid.
843 2591 924 2620 intir-

260 2634 350 2664 mitas
361 2633 438 2673 ejus.
449 2635 522 2664 225.
537 2639 643 2664 contra
652 2634 823 2672 Evagoram
835 2643 925 2663 exer-

228 2674 232 2677 *
258 2677 351 2714 citum
363 2677 551 2707 mittinihid.
568 2676 927 2716 ejn‘smaximafacinora.

259 2722 334 2753 225.
346 2730 415 2760 sqq.
427 2720 456 2750 in
470 2720 551 2749 hello
565 2720 720 2749 Rhodiaco
733 2719 928 2749 Lacedaemo-

262 2764 328 2793 nios
340 2768 368 2793 et
382 2763 586 2793 Athenienses
602 2764 703 2792 socios
720 2763 836 2792 habuit·
854 2765 927 2793 225.

263 2807 432 2836 Asiaticam
449 2806 578 2835 classem
592 2811 737 2835 arentum
755 2805 929 2835 triremibus

261 2850 404 2888 occupari
415 2849 621 2888 patitur.ibid.
639 2849 750 2878 milites
768 2849 928 2888 stipendiis

262 2893 374 2931 privat.
395 2893 472 2922 ibid.
501 2902 605 2922 eornm
623 2892 769 2921 fortitudo
786 2902 842 2921 non
865 2902 928 2922 me-

262 2935 385 2965 tuenda.
403 2937 476 2965 228.
507 2935 613 2966 classis
629 2935 775 2971 exiguum
797 2935 927 2964 hostium

262 2988 417 3008 nnmerum
429 2979 479 3008 vix
489 2978 575 3008 vicit.
586 2980 660 3010 226.
678 2978 838 3007 Persarum
849 2978 929 3016 regis

262 3021 385 3060 ignavia
398 3026 501 3052 contra
519 3022 591 3060 Cyri
607 3021 732 3052 minoris
748 3021 928 3056 exercitum,

564 216 572 219 ἡ
622 170 822 247 INDEX
855 201 1222 244 HISTORICUS

987 317 1074 355 cujus
1088 317 1194 351 duces,
1211 317 1291 356 Cyro
1301 316 1418 351 occiso,
1435 322 1541 347 contra
1549 318 1651 348 datam

986 359 1077 388 fidem
1100 360 1361 398 comprehendere
1385 370 1477 389 ausus
1500 365 1558 389 est.
1575 363 1650 391 228.

987 404 1063 432 275.
1077 404 1146 432 146.
1163 403 1400 441 'l'issaphercem
1413 413 1480 431 cum
1495 402 1651 441 equitibus

987 447 1134 474 abeuntes
1147 446 1399 483 comitarijussit.
1410 448 1485 475 229.
1503 446 1608 474 Persae
1620 444 1651 473 in

987 487 1140 517 maritima
1160 488 1237 517 Asia
1261 489 1365 517 inultis
1387 488 1509 526 proeliis
1533 487 1602 522 fusi,
1621 492 1652 516 et

986 530 1016 559 in
1039 530 1193 569 Europam
1220 531 1340 569 trajecti
1364 541 1470 569 poenas
1495 530 1653 569 graviores

988 572 1078 602 etiam
1096 574 1253 602 dederuut.
1274 576 1347 605 230.
1370 574 1399 602 in
1416 574 1484 612 ipsa
1499 572 1584 611 regia
1600 573 1652 602 de-

986 615 1051 645 risi.
1066 615 1142 645 ibid.
1165 616 1412 646 administrandae
1425 616 1561 646 civitatis
1575 615 1654 644 ratio

987 664 1034 687 est
1058 658 1189 697 ignaviae
1212 669 1314 689 causa.
1340 659 1416 689 ibid.

987 701 1114 736 milites,
1156 702 1321 740 qualesque
1366 702 1534 741 principes.
1579 702 1653 731 2:31.

986 743 1139 774 hominem
1175 745 1333 774 mortalem
1365 744 1506 785 (regem)
1539 744 1652 773 honore

987 787 1169 826 nomineque
1186 788 1292 817 divino
1308 788 1465 817 honorant.
1483 788 1558 817 232.
1580 796 1653 825 qua-

967 850 970 851 .
987 830 1033 859 les
1046 840 1150 859 eorum
1164 835 1294 869 satrapae
1308 831 1338 859 iu
1356 830 1433 860 Asia
1445 830 1562 859 minori.
1575 828 1653 859 ibid.

989 872 1158 909 Cononem,
1168 873 1475 944 quirbacedaemoniis
1491 871 1654 911 imperium

988 916 1156 954 eripuerat,
1193 916 1222 945 in
1240 917 1382 946 erfecere.
1420 918 1494 946 2:33.
1537 914 1654 944 Graecis

989 968 1112 996 semper
1143 959 1326 988 insidiantes
1361 965 1392 988 et
1422 957 1549 988 inimici.
1578 957 1654 987 ibid.

988 1002 1114 1030 deorum
1142 1003 1230 1031 sedes
1258 1002 1391 1040 spoliare
1419 1007 1450 1031 et
1474 1001 1654 1031 comburere

990 1043 1057 1073 ausi
1075 1051 1156 1074 sunt.
1171 1047 1244 1075 234.
1267 1044 1515 1079 Themistoclem,
1530 1043 1582 1083 qui
1605 1044 1654 1082 ip-

990 1097 1041 1116 sos
1067 1088 1233 1117 certamine
1257 1088 1358 1117 navali
1377 1089 1503 1122 vicerat,
1524 1086 1655 1125 ingenti-

990 1130 1046 1158 bus
1063 1130 1198 1168 praemiis
1216 1131 1415 1160 cumularunt.
1430 1132 1503 1160 233.
1525 1140 1585 1159 nou
1605 1139 1656 1159 so-

988 1172 1049 1201 lum
1077 1183 1145 1201 cum
1175 1174 1357 1211 corporibus
1381 1173 1531 1206 humanis,
1546 1172 1602 1202 sed
1623 1176 1656 1201 et

989 1225 1057 1243 cum
1089 1214 1252 1254 ἀναθήμασι
1284 1216 1397 1245 bellurn
1434 1220 1553 1252 gerunt.
1580 1215 1655 1245 ⁶235.

991 1258 1098 1285 Persae
1124 1259 1287 1295 ἢπειξῶται.
1312 1258 1388 1286 ibid.
1433 1258 1595 1287 Persicum
1626 1257 1657 1286 in

992 1299 1106 1328 bellum
1124 1301 1227 1337 hymni
1244 1306 1339 1329 sunta
1353 1300 1470 1329 Graecis
1484 1299 1657 1338 compositi,

992 1342 1080 1380 quiin
1091 1342 1177 1371 festis
1187 1343 1398 1372 decantantur.
1407 1345 1481 1373 ⁰2:36.
1493 1343 1657 1372 Persarum

992 1394 1059 1419 rex,
1076 1385 1102 1413 si
1122 1385 1204 1414 Asiae
1219 1385 1363 1415 civitates
1381 1386 1494 1414 firmius
1515 1385 1658 1420 tenuerit,

993 1428 1066 1465 quid
1089 1428 1222 1457 futurum
1246 1428 1296 1457 sit.
1314 1431 1388 1459 237.
1423 1429 1528 1457 Persae
1545 1428 1659 1464 exigua

994 1480 1083 1499 manu
1100 1471 1274 1500 inferiores.
1291 1472 1366 1500 ibid.
1393 1471 1538 1501 Asiaticis
1554 1471 1658 1501 invitis

993 1514 1136 1552 imperat.
1150 1516 1223 1544 238.
1247 1511 1311 1543 iltis.
1322 1514 1507 1554 Panegyrici
1523 1519 1660 1552 tempore

993 1557 1098 1585 multae
1121 1558 1211 1586 urbes
1233 1558 1364 1588 traditae.
1382 1560 1456 1588 240.
1493 1558 1660 1587 Persarum

994 1609 1049 1629 rex
1075 1600 1204 1629 formula
1226 1600 1313 1639 pacis
1339 1601 1541 1630 Antalcidicae
1564 1600 1660 1629 totius

993 1642 1081 1672 Asiae
1106 1643 1247 1672 dominus
1272 1643 1368 1673 sactus
1394 1649 1452 1673 est.
1473 1645 1550 1674 244.
1571 1643 1662 1672 dimi-

994 1685 1077 1714 dium
1102 1686 1196 1716 totius
1221 1691 1310 1715 terrae
1342 1697 1381 1715 ex
1408 1692 1498 1725 pacto
1528 1685 1660 1725 accepit.

995 1731 1070 1759 0245.
1093 1729 1269 1758 Graecorum
1296 1739 1418 1769 semper
1440 1729 1608 1760 adversarii
1631 1733 1663 1758 et

995 1771 1203 1801 insidiatores.
1227 1774 1300 1802 246.
1331 1783 1385 1802 rex
1409 1771 1592 1812 (Mnemon)
1614 1777 1661 1802 to-

997 1821 1058 1844 tam
1078 1815 1185 1844 Asiam
1202 1826 1241 1844 ex
1257 1820 1347 1854 pacto
1363 1825 1380 1844 a
1396 1815 1515 1845 Graecis
1527 1815 1662 1855 accepit,

996 1857 1137 1898 (Ochus)
1152 1869 1188 1887 ne
1205 1859 1383 1888 traditarum
1399 1859 1523 1897 quidem
1540 1858 1599 1887 sibi
1612 1868 1663 1887 ur-

997 1901 1080 1930 bium
1096 1901 1248 1931 dominus.
1261 1904 1333 1932 278.
1358 1902 1441 1939 regis
1457 1900 1663 1942 (Artaxerxis

997 1943 1204 1984 Mnemonis),
1219 1955 1309 1984 quem
1326 1944 1494 1976 Clearchus
1514 1944 1593 1974 bello
1611 1954 1664 1984 pe·

996 1987 1081 2023 tivit,
1098 1989 1237 2027 ejusque,
1261 1993 1366 2017 contra
1388 1998 1478 2026 quem
1497 1987 1665 2026 Philippus

972 2031 1165 2060 >exercitum
1204 2031 1308 2065 duxit,
1337 2030 1454 2071 (metii)
1488 2030 1665 2060 discrimen.

999 2075 1073 2103 277.
1097 2073 1150 2103 ille
1164 2073 1285 2114 (pater)
1298 2074 1519 2113 rempublicam
1535 2072 1664 2103 Atheni·

998 2117 1116 2145 ensium
1148 2124 1178 2146 et
1208 2117 1507 2147 Lacedaemoniorum
1530 2116 1666 2152 devicit;

1000 2160 1048 2189 hic
1065 2159 1181 2200 (tilius)
1203 2160 1304 2190 nullos
1330 2170 1460 2199 unquam
1486 2160 1591 2198 hpstes
1616 2170 1666 2189 re·

1000 2203 1120 2240 gionem
1151 2213 1233 2233 suam
1265 2204 1462 2232 devastantes
1493 2202 1664 2241 superavit.

1000 2245 1075 2275 ibid.
1114 2245 1255 2287 (Ochus)
1284 2256 1301 2275 a
1329 2246 1543 2275 deficientibus
1567 2244 1666 2285 AEgy-

1000 2289 1073 2327 ptiis
1102 2289 1224 2327 fugatus
1253 2294 1283 2318 et
1314 2289 1444 2318 derisus.
1476 2291 1551 2319 278.
1590 2298 1666 2327 quo-

1000 2332 1092 2360 modo
1115 2342 1147 2362 se
1170 2332 1299 2369 gesserit
1322 2342 1394 2371 erga
1416 2331 1512 2362 Idriei
1532 2332 1666 2361 fratrem.

1001 2374 1077 2404 ibid.
1123 2381 1260 2414 tempore
1299 2375 1486 2414 Philippicae
1519 2374 1667 2404 orationis

1001 2417 1031 2446 in
1061 2419 1196 2448 maximo
1233 2418 1304 2447 odio
1337 2424 1366 2448 et
1392 2423 1566 2456 contemptu
1597 2416 1667 2448 fuit.

1001 2463 1076 2491 287.
1099 2462 1262 2490 Persarum
1283 2471 1372 2500 reges
1395 2466 1532 2500 tempore
1553 2460 1667 2490 oratio-

1002 2504 1048 2533 nis
1063 2504 1244 2534 Archidami
1257 2505 1389 2534 nondum
1406 2505 1557 2534 ducentos
1573 2513 1668 2534 annos

1000 2547 1200 2586 imperarunt.
1209 2549 1267 2577 301
1277 2570 1284 2577 .
1307 2548 1471 2577 Persarum
1485 2547 1584 2586 copiae
1595 2551 1670 2586 quot

1002 2591 1031 2619 in
1055 2590 1279 2630 Thermopylis.
1300 2593 1376 2622 320.
1403 2594 1541 2629 tempore
1564 2590 1668 2620 demo-

1003 2634 1106 2663 cratiae
1120 2634 1352 2671 Atheniensium
1366 2633 1482 2672 optime
1494 2633 1669 2662 constitutae

1007 2677 1132 2706 Graecus
1149 2677 1291 2706 timentes
1306 2687 1405 2715 neque
1421 2676 1522 2715 longis
1537 2675 1668 2705 navibus

1005 2719 1084 2749 intra
1114 2720 1311 2749 Phaselidem
1346 2719 1539 2757 navigarunt,
1569 2728 1669 2757 neque

1006 2772 1074 2791 cum
1100 2763 1237 2792 exercitu
1262 2762 1344 2792 intra
1372 2762 1476 2802 Halyn
1503 2761 1669 2791 descende-

1005 2810 1087 2835 runt.
1102 2807 1263 2842 396,518.
1278 2806 1392 2835 bellum
1408 2803 1579 2835 Persicum.
1592 2806 1669 2835 41⁶2.

1007 2849 1170 2879 Persarum
1197 2849 1281 2886 regIs
1311 2859 1383 2888 erga
1410 2848 1582 2886 Evagoram
1606 2847 1670 2877 ani-

1007 2902 1083 2921 mus.
1114 2894 1189 2923 456.
1227 2892 1257 2922 in
1295 2890 1526 2931 expeditionem
1565 2895 1672 2920 contra

1008 2936 1178 2974 Evagoram
1195 2935 1326 2974 amplius
1342 2933 1560 2974 quinquaginta
1577 2933 1673 2963 millia

1005 2977 1181 3018 insumpsit.
1194 2978 1270 3008 ibid.
1290 2976 1530 3008 Lacedaemoniis
1541 2975 1671 3006 Graeoiae

1004 3022 1168 3062 imperium
1195 3021 1276 3052 intra
1304 3021 1396 3052 trium
1428 3030 1571 3051 annorum
1600 3029 1668 3060 spa-

1458 658 1562 697 quales
1590 657 1652 689 sint.
1698 688 1701 694 ,
