1914 3314
96 952 174 990 Pag.

124 994 174 1024 ed.

19 1035 60 1066 H.
68 1037 174 1074 Steph-

96 1083 174 1118 296

865 559 952 602 ῙΔ.

524 686 885 734 ΙΣ()ΚΡ

925 684 1308 732 ΑΤ()ΥΣ

634 816 1186 864 ΠΛΑΤΑΙΚΟΣ

1648 949 1722 987 Pag.

1646 991 1697 1021 ed.

1648 1034 1719 1063 Cor.

265 1066 325 1117 α’.
367 1075 654 1118 ΕΙΔΟΤΕΣ
682 1066 816 1136 ὖμας,
845 1072 875 1116 ὠ
855 1061 1045 1132 ἄνδρες
1064 1064 1294 1126 Αθηναῖοι,
1322 1087 1400 1115 και
1429 1088 1518 1123 τοις
1536 1061 1630 1114 oidi-
1649 1080 1725 1115 297

192 1139 409 1210 κουμὲνοις
427 1140 671 1215 προθύμως
695 1140 864 1201 βοηθεῖν
882 1136 1138 1208 εἶθισμενους
1163 1162 1241 1189 και
1269 1148 1359 1196 τοῖς
1387 1138 1634 1213 εὐεργέταις

237 1254 523 1284 SUMMARIUM.
551 1253 624 1295 (α’.)
650 1253 817 1284 Exordium,
834 1255 893 1284 Ve-

192 1301 269 1333 stra,
293 1298 349 1327 viri
371 1298 586 1333 Athenienses,
606 1298 722 1336 justitia
748 1302 893 1336 gratoque

194 1340 293 1369 animo
309 1341 390 1374 freti,
404 1340 538 1369 venimus
551 1340 761 1379 supplicaturi,
778 1351 814 1369 ne
829 1351 892 1375 uos,

194 1389 332 1421 ternpore
347 1383 443 1422 pacis,
458 1393 476 1412 a
496 1384 648 1412 Thebanis
665 1383 759 1412 everti
777 1383 894 1418 sinatis,

194 1427 364 1464 praesertim
394 1436 484 1464 quum
515 1426 592 1455 omni
625 1426 714 1464 culpa
742 1436 894 1461 vacemus,

195 1477 288 1506 eaque
301 1479 368 1506 quae
378 1469 524 1508 petimus,
534 1469 606 1498 nihil
620 1469 745 1507 periculi
759 1469 895 1499 habeant.

195 1510 270 1550 (θ’.)
309 1512 430 1548 Quodsi
458 1512 592 1541 'l'liebani
623 1512 680 1541 soli
710 1517 815 1541 contra
841 1522 895 1541 nos

195 1559 382 1592 perorarent,
406 1555 511 1593 paucis
536 1555 670 1593 profecto
694 1564 771 1592 opus
795 1559 895 1592 esset3

196 1597 251 1626 sed
274 1607 363 1635 quum
387 1598 654 1635 praestantissimos
679 1598 768 1626 etiam
797 1608 895 1627 causae

196 1643 338 1678 patronos
353 1650 369 1668 e
392 1642 520 1678 pecunia
546 1646 649 1670 nostra
675 1641 731 1670 sibi
753 1640 895 1670 concilia<

196 1687 276 1716 runt,
292 1692 341 1711 res
357 1684 415 1712 erit
442 1683 588 1721 prolixius
609 1683 805 1721 explicanda.
828 1681 898 1723 (y'.)

195 1726 291 1754 Tanta
305 1726 360 1755 suit
374 1726 496 1755 illorum
524 1726 666 1765 iniquitas
686 1736 722 1755 ac
744 1725 896 1760 violentia,

197 1771 240 1802 ut,
251 1769 329 1806 quod
342 1771 470 1798 maxime
480 1769 628 1804 dolemus,
639 1779 711 1807 paee
721 1769 896 1804 constituta,

195 1820 234 1839 ne
256 1811 439 1841 moderatam
458 1812 579 1850 quidem
606 1813 783 1841 servitutem
802 1812 896 1850 impe-

196 1858 274 1882 trare
290 1855 484 1892 potuerimus.
499 1853 568 1895 (δ’.)
586 1855 714 1884 Oramus
728 1855 820 1893 igitur
831 1865 897 1891 vos,

198 1902 231 1925 ut
247 1897 400 1935 supplices
415 1908 469 1926 nos
485 1905 516 1927 et
539 1898 652 1927 amicos
668 1903 784 1927 vestros
809 1899 896 1927 bene-

199 1938 268 1968 vole
279 1940 425 1977 audiatis-⁴,
440 1945 626 1979 reputantes,
641 1940 728 1970 etiam
739 1941 897 1970 Thebanos

198 1981 336 2011 inimicos
354 1990 472 2012 vestros
488 1984 517 2012 in
534 1984 699 2012 libertatem
717 1994 732 2012 a
751 1984 837 2013 vobis
850 1993 896 2012 re-

199 2024 321 2054 stitutos
344 2035 421 2055 esse.
443 2024 508 2065 (ε’.)
530 2026 611 2062 Quid
633 2026 742 2055 factum
767 2027 819 2062 sit,
840 2037 896 2055 non

199 2066 362 2106 ignoratis3
409 2071 512 2098 urbem
555 2074 684 2098 nostram
725 2075 898 2098 everterunt

198 2119 361 2148 agrumque
382 2112 564 2150 diviseruut3
587 2113 626 2141 de
651 2112 750 2141 causis
773 2117 898 2147 tautum,

198 2162 273 2190 quas
299 2154 345 2182 illi
370 2154 562 2190 interserunt,
589 2156 793 2193 praemonendi
813 2156 896 2185 estis.

197 2194 269 2236 (ς’.)
293 2195 490 2236 Confirmatio.
513 2198 639 2228 Tributa
656 2198 790 2236 pendere
811 2209 897 2227 recu-

197 2248 284 2268 sasse
301 2240 387 2269 nobis
412 2241 578 2279 objiciunt,
601 2245 632 2270 at
647 2241 843 2279 persuasione
862 2251 898 2270 eo

198 2286 250 2310 aut
268 2282 295 2310 vi
313 2283 453 2321 adigeudi
466 2294 594 2319 eramus,
609 2294 666 2313 non
678 2283 828 2313 servitute
843 2294 897 2322 op-

200 2325 362 2363 primendi,
373 2336 462 2364 quum
480 2326 594 2356 l‘oedera
609 2327 746 2366 quemvis
763 2327 807 2356 sui
821 2327 897 2365 juris

199 2377 268 2396 esse
280 2368 416 2406 jubeant.
449 2369 510 2398 Hic
525 2379 630 2419 agrum
649 2370 750 2408 potins
764 2375 896 2399 nostrum

199 2420 289 2447 quam
301 2411 446 2441 tributum
461 2413 675 2451 concupivisse
687 2423 751 2448 eos,
762 2418 897 2452 apparet.

200 2451 271 2492 (ζ’.)
293 2454 405 2484 Verum
434 2455 555 2493 quidem
582 2461 639 2490 est,
659 2457 737 2495 quod
762 2456 806 2485 illi
833 2466 898 2494 per-

200 2495 318 2532 hibent,
333 2508 350 2527 a
366 2497 662 2528 Lacedaemoniorum
681 2498 819 2537 partibus
845 2509 898 2528 nos

200 2540 344 2577 stetisse;
367 2539 437 2580 (η’.)
461 2546 491 2570 at
517 2541 573 2571 hoc
597 2541 685 2571 inviti
709 2541 836 2571 fecimus
852 2546 899 2570 ut-

200 2592 260 2620 que
286 2583 337 2612 alii
365 2584 539 2613 Graecorum
570 2584 678 2614 coacti.
720 2584 899 2613 cavendum

198 2631 248 2656 est
259 2626 365 2666 igitur,
380 2637 416 2656 ne
433 2626 501 2656 talis
516 2627 723 2656 Thebanorum
741 2627 902 2656 insolentia

198 2670 312 2699 multos
332 2671 469 2704 Graecos,
484 2670 534 2707 qni
552 2674 638 2699 antea
657 2670 899 2699 Lacedaemouio—

200 2721 266 2742 rum
290 2713 447 2752 imperium
468 2713 608 2748 oderunt,
626 2714 655 2742 iu
680 2713 783 2742 horum
806 2713 901 2742 socie-

199 2759 262 2785 tate
283 2756 411 2785 salutem
433 2766 567 2795 quaerere
584 2759 684 2795 cogat.
712 2754 788 2795 (θ’.)
810 2755 902 2793 Cogi-

201 2802 263 2826 tate
282 2808 385 2836 porro,
406 2809 461 2828 vos
479 2799 647 2838 proximum
669 2798 778 2827 bellum
800 2808 903 2828 susce-

198 2839 286 2878 pisse
307 2851 410 2871 eorum
430 2851 531 2876 causa,
547 2842 658 2880 quibus
678 2847 782 2870 contra
804 2841 903 2880 jusju-

201 2883 325 2912 randum
356 2888 387 2913 et
418 2885 516 2914 soedus
545 2885 671 2914 libertas
701 2890 804 2924 erepta
828 2889 902 2913 erat.

203 2925 322 2963 Quodsi
347 2926 481 2966 iniquum
506 2928 633 2966 putatis,
655 2927 732 2957 alias
762 2927 904 2956 civitates

204 2967 444 2999 Lacedaemoniis
470 2970 597 3005 servire,
624 2981 640 3000 a
667 2969 819 3000 Thebanis
849 2980 903 2999 nos

202 3010 298 3040 everti
315 3022 351 3040 ne
365 3013 534 3050 patiamini;
557 3013 607 3051 qui
623 3014 694 3042 dum
714 3013 903 3043 Lacedaemo-

928 1251 993 1281 nios
1017 1252 1243 1287 obeadmeam
1271 1257 1448 1292 occupatam
1476 1257 1638 1288 accusant,

927 1295 987 1334 ipsi
1003 1296 1131 1324 aliorum
1147 1295 1257 1324 moenia
1270 1297 1427 1330 subruunt,
1440 1295 1516 1325 alios
1534 1296 1633 1325 sundi-

928 1344 976 1366 tus
992 1339 1133 1376 perdunt,
1149 1348 1185 1366 ac
1206 1342 1287 1367 tanta
1306 1344 1376 1367 sunt
1397 1339 1584 1377 impudentia
1602 1343 1634 1368 et

928 1381 1130 1420 improbitate.
1147 1386 1190 1414 ut,
1205 1391 1266 1409 suae
1283 1381 1389 1410 salutis
1401 1392 1502 1411 curam
1516 1382 1553 1411 ab
1570 1392 1633 1410 orn-

929 1424 1016 1453 nibus
1035 1425 1135 1457 haberi
1152 1423 1245 1452 sociis
1259 1424 1459 1463 postulantem,
1474 1425 1534 1463 ips‘i
1558 1425 1633 1454 alios

929 1467 1077 1496 servitute
1099 1466 1290 1504 opprimendi
1311 1472 1488 1506 potestatem
1508 1468 1566 1497 sibi
1589 1478 1634 1496 ar-

929 1515 1046 1548 rogent.
1087 1508 1150 1549 (a'.)
1169 1510 1238 1539 Jaru
1260 1516 1371 1547 praeter
1394 1510 1468 1539 alias
1489 1511 1635 1549 improbi-

930 1557 1008 1582 tates
1020 1563 1051 1582 se
1061 1554 1100 1581 ob
1113 1562 1270 1581 commune
1281 1553 1430 1581 sociorum
1443 1555 1634 1583 commodum

930 1596 993 1624 liaec
1009 1595 1118 1625 fecisse
1133 1594 1285 1630 dictitant,
1304 1605 1361 1624 non
1377 1596 1558 1633 cogitantes,
1570 1597 1634 1626 haee

929 1639 1124 1667 deliberanda
1140 1637 1226 1676 prius
1240 1637 1334 1666 fuisse
1350 1647 1417 1667 cum
1433 1639 1526 1667 sociis
1547 1649 1634 1678 quarn

930 1682 1118 1710 excusanda.
1141 1683 1226 1719 Opes
1237 1685 1353 1710 nostras
1367 1681 1505 1719 privatim
1519 1682 1636 1720 diripu-

930 1729 1028 1759 erunt,
1043 1724 1154 1753 crimen
1169 1723 1307 1753 omnibus
1323 1733 1480 1753 commuue
1497 1734 1564 1754 esse
1582 1735 1635 1755 vo-

929 1767 1004 1801 lunt,
1017 1767 1096 1805 quod
1110 1772 1235 1806 propter
1248 1766 1456 1806 jusjurandum
1472 1778 1506 1796 ac
1523 1768 1636 1798 foedera

930 1810 1051 1839 minime
1068 1810 1098 1838 in
1117 1820 1170 1838 vos
1185 1809 1348 1848 recipietis.
1375 1810 1412 1838 In
1430 1811 1566 1840 omnibus
1582 1811 1634 1840 isti

931 1852 1132 1890 legationibus
1150 1852 1191 1881 nil
1209 1852 1267 1881 nisi
1289 1853 1457 1881 libertatem
1476 1858 1505 1882 ct
1522 1854 1636 1883 foedera

926 1895 1119 1933 jactitabant:
1154 1900 1310 1935 postquam
1335 1901 1432 1924 autem
1456 1895 1515 1925 sibi
1541 1897 1634 1926 licere

932 1943 1038 1978 putant
1067 1938 1178 1972 sacer-e,
1208 1937 1356 1977 quidquid
1391 1938 1523 1974 libuerit,
1551 1939 1636 1969 lucra

931 1981 1050 2020 privata
1072 1992 1106 2010 ac
1129 1981 1299 2010 violentiam
1325 1981 1487 2010 defendere
1512 1982 1635 2012 audent.

932 2025 1018 2063 quasi
1043 2035 1060 2054 e
1083 2035 1116 2054 re
1140 2024 1290 2053 sociorum
1314 2024 1365 2058 sit,
1391 2024 1473 2062 quod
1496 2025 1634 2054 fecerint.

932 2067 1016 2107 (ca-¹.)
1050 2068 1158 2106 Neque
1182 2067 1254 2096 illud
1279 2067 1398 2105 quidem
1424 2067 1526 2096 dicere
1548 2074 1633 2106 pote-

932 2116 1012 2145 runt,
1031 2111 1224 2140 metuendum
1240 2120 1317 2144 esse,
1334 2120 1381 2143 ne,
1396 2116 1575 2148 recuperata
1588 2121 1634 2140 re-

932 2154 1020 2191 gione
1029 2159 1140 2188 nostra,
1149 2155 1185 2182 ad
1196 2152 1440 2182 Lacedaemonios
1450 2153 1634 2183 deficiamus:
1656 2176 1658 2178 .

931 2195 1011 2235 (ιζ’.)
1045 2207 1099 2225 nos
1121 2196 1199 2226 euim
1223 2205 1342 2235 semper
1368 2195 1518 2225 fideliores
1544 2197 1634 2226 vobis

931 2240 1042 2269 fuimus
1072 2249 1159 2278 quam
1188 2238 1335 2272 Thebani,
1362 2238 1426 2277 qui,
1457 2243 1488 2267 ut
1513 2244 1634 2269 veteres

931 2283 1120 2321 proditiones
1130 2281 1277 2316 omittam,
1291 2282 1417 2320 primum
1434 2281 1462 2310 in
1481 2281 1562 2311 bello
1575 2282 1635 2312 Co·

932 2325 1090 2359 rintbiaco,
1099 2325 1207 2354 deinde
1219 2324 1352 2355 Cadmea
1363 2329 1512 2362 occupata
1525 2326 1635 2355 vestris

932 2369 1101 2398 conservati
1141 2368 1277 2402 auxiliis,
1314 2369 1351 2397 ad
1390 2368 1635 2398 Lacedaemonios

932 2411 1124 2446 transierunt,
1143 2411 1340 2450 jurejurando
1360 2410 1421 2439 illis
1444 2410 1635 2449 pollicentes,

933 2465 966 2483 se
984 2454 1051 2483 illos
1069 2458 1172 2483 contra
1191 2463 1245 2483 vos
1265 2459 1430 2482 secuturos
1441 2463 1521 2482 esse.
1550 2453 1614 2492 (ιγ’.
1621 2454 1635 2495 )

934 2496 1001 2526 Etsi
1018 2501 1116 2526 autem
1133 2496 1193 2534 ipsi
1211 2496 1387 2525 voluntariis
1406 2495 1452 2525 his
1469 2506 1504 2525 ac
1520 2497 1636 2536 maguis

934 2539 1051 2578 injuriis
1071 2539 1187 2569 veniam
1213 2550 1229 2568 a
1250 2538 1336 2569 vobis
1360 2539 1569 2577 impetrarunt,
1592 2544 1637 2570 ta-

935 2593 1014 2620 men,
1030 2592 1096 2620 quae
1117 2592 1171 2611 nos
1192 2583 1289 2611 coacti
1309 2582 1447 2617 fecimus,
1466 2582 1544 2611 haud
1563 2593 1634 2612 con-

934 2625 1071 2655 donanda
1087 2631 1205 2664 putant,
1221 2635 1256 2654 ac
1272 2625 1403 2656 studium
1418 2625 1567 2655 Laconum
1584 2626 1636 2655 isti

935 2667 1083 2706 objiciunt
1103 2668 1182 2704 aliis,
1205 2678 1282 2707 quos
1302 2668 1473 2697 diutissime
1492 2667 1636 2697 Lacedae-

936 2711 1044 2741 moniis
1068 2711 1212 2741 serviisse
1240 2718 1269 2741 et
1295 2721 1348 2752 pro
1370 2711 1490 2741 illorum
1509 2711 1636 2751 imperio

937 2754 1104 2794 promptius
1119 2764 1206 2793 quam
1221 2754 1260 2784 de
1277 2754 1401 2794 propria
1421 2753 1517 2783 salute
1534 2759 1638 2782 contra

937 2807 992 2826 vos
1004 2797 1165 2827 dimicasse
1181 2802 1308 2827 constat.
1335 2797 1438 2835 Quod,
1453 2806 1567 2835 quaeso,
1584 2796 1636 2824 be-

937 2840 1074 2869 neficium
1097 2839 1148 2869 isti
1171 2842 1456 2878 commemorabunt,
1478 2838 1558 2877 qood
1581 2848 1637 2876 par

937 2883 977 2912 sit
993 2882 1157 2912 inimicitiis
1179 2882 1421 2919 exstinguendis,
1441 2891 1516 2919 quas
1535 2881 1604 2918 jure
1620 2890 1637 2909 a

937 2925 1026 2955 vobis
1043 2925 1227 2956 subiissent²
1255 2926 1309 2968 (ιδ’.
1315 2926 1330 2966 )
1354 2924 1448 2955 Nulla
1463 2923 1554 2961 igitur
1571 2922 1637 2952 istis

937 2969 1133 2999 excusatione
1147 2969 1266 3005 relicta,
1284 2967 1403 3008 patroni
1421 2972 1517 2996 tamen
1533 2975 1636 2995 eorum

936 3012 1051 3041 dicent:
1071 3011 1217 3041 Boeotium
1235 3022 1312 3041 nunc
1327 3021 1382 3050 pro
1400 3014 1498 3039 vestra
1517 3008 1638 3046 regione
